Order ID,Order Date,Ship Date,Ship Mode,Customer ID,Customer Name,Segment,Country,City,State,Postal Code,Region,Product ID,Category,Sub-Category,Product Name,Sales,Quantity,Discount,Profit
2348,12/4/2017,7/4/2012,Same Day Shipping,7354,Alonzo Looker,Home Office,United States,San Diego,California,92176,West,2586,Technology,Paper,Laptop,511.88,33,0.13,216.09
3366,12/29/2020,11/28/2017,Standard Shipping,7831,Thomas O'Brallaghan,Consumer,United States,Sacramento,California,95894,West,2271,Technology,Pens,Table,742.39,14,0.06,175.56
5090,12/22/2018,3/24/2018,Express Shipping,6778,Sig Semeradova,Corporate,United States,Huntington Beach,California,92648,South,4314,Furniture,Chairs,Paper,920.38,22,0.31,143.51
2216,6/7/2022,1/3/2013,Standard Shipping,6438,Dennet Abelson,Home Office,United States,San Diego,California,92105,South,3024,Furniture,Chairs,Chair,373.37,95,0.43,139.4
7887,12/8/2016,4/22/2014,Express Shipping,8820,Dov Belcher,Consumer,United States,Mountain View,California,94042,South,3597,Furniture,Pens,Pen,532.36,52,0.38,236.03
4827,8/21/2016,7/2/2014,Same Day Shipping,7203,Niall Middleweek,Home Office,United States,Irvine,California,92619,North,3281,Technology,Phones,Laptop,546.28,63,0.22,452.52
5808,2/19/2014,10/9/2014,Express Shipping,8307,Brendis Olliff,Corporate,United States,Van Nuys,California,91499,South,5888,Technology,Tables,Laptop,924.86,18,0.49,482.22
5946,3/2/2022,12/13/2011,Standard Shipping,8664,Frederique Billingsly,Consumer,United States,Fresno,California,93715,East,9315,Furniture,Tables,Table,742.73,20,0.23,159.31
1589,12/16/2012,5/4/2017,Express Shipping,9399,Tobin Durgan,Home Office,United States,Los Angeles,California,90055,South,7339,Technology,Phones,Chair,739.2,91,0.49,170.14
5763,5/29/2011,12/30/2022,Express Shipping,8207,Clement Clowsley,Consumer,United States,Long Beach,California,90805,East,6004,Technology,Phones,Phone,389.1,33,0.32,182.97
9549,7/21/2019,4/22/2016,Same Day Shipping,4771,Adriaens Grayland,Corporate,United States,San Francisco,California,94110,North,8086,Office Supplies,Paper,Table,108.9,75,0.29,304.33
3135,12/4/2015,5/10/2021,Standard Shipping,4212,Em Aubri,Consumer,United States,Palmdale,California,93591,South,4603,Office Supplies,Chairs,Pen,912.94,77,0.34,238.1
3130,8/3/2018,4/9/2016,Express Shipping,6558,Tuckie McMennum,Consumer,United States,Los Angeles,California,90030,North,2631,Furniture,Paper,Phone,197.58,72,0.06,163.59
1123,5/4/2022,2/15/2022,Standard Shipping,9032,Holly Allbones,Home Office,United States,San Diego,California,92132,West,2908,Furniture,Chairs,Paper,839.52,75,0.46,253.04
8197,12/9/2015,6/24/2022,Same Day Shipping,8701,Doralia Chivrall,Home Office,United States,Fresno,California,93715,West,4799,Office Supplies,Paper,Pen,392.01,48,0.39,129.36
2540,6/10/2020,8/25/2020,Standard Shipping,4024,Lorrie Corbert,Home Office,United States,Sacramento,California,94207,East,6860,Office Supplies,Paper,Laptop,296.5,16,0.05,297.12
4903,11/16/2012,7/8/2011,Standard Shipping,2090,Bartlett Mochan,Consumer,United States,San Diego,California,92176,North,1291,Technology,Paper,Table,306.87,15,0.3,108.32
5871,1/6/2012,11/28/2010,Standard Shipping,3783,Correy Feron,Corporate,United States,San Rafael,California,94913,West,8355,Office Supplies,Laptops,Table,674.07,97,0.06,234.15
3049,7/17/2011,12/14/2015,Same Day Shipping,6053,Marcel Dinnington,Corporate,United States,Sacramento,California,95894,West,1497,Office Supplies,Pens,Table,486.41,80,0.43,365.13
4636,10/18/2012,1/30/2019,Express Shipping,3637,Laird Zecchi,Home Office,United States,Santa Cruz,California,95064,North,3203,Office Supplies,Pens,Paper,931.07,55,0.07,381.11
4389,5/23/2020,9/25/2020,Express Shipping,2702,Katalin Snowdon,Consumer,United States,Pasadena,California,91199,North,2094,Furniture,Paper,Phone,940.53,46,0.46,272.29
8206,4/29/2015,4/7/2018,Express Shipping,3058,Saraann Sowood,Home Office,United States,San Francisco,California,94159,East,2205,Office Supplies,Laptops,Phone,355.34,65,0.19,173.81
8648,9/18/2012,11/12/2022,Express Shipping,6481,Dani Coffey,Corporate,United States,Inglewood,California,90305,East,3292,Furniture,Paper,Table,532.39,93,0.21,243.43
7116,9/4/2011,12/29/2022,Same Day Shipping,8139,Danielle MacClay,Consumer,United States,Newport Beach,California,92662,East,5702,Furniture,Tables,Pen,803.6,59,0.48,114.98
7956,3/17/2018,8/21/2014,Standard Shipping,7444,Mike Palmar,Home Office,United States,Sunnyvale,California,94089,East,3930,Office Supplies,Pens,Phone,566.84,41,0.12,355.21
7031,4/30/2015,9/6/2019,Same Day Shipping,3121,Marietta Chanter,Home Office,United States,Inglewood,California,90305,East,6807,Furniture,Pens,Laptop,41.63,36,0.19,426.56
8178,10/27/2019,3/12/2013,Express Shipping,5329,Anatole Naughton,Corporate,United States,Sacramento,California,95894,North,3428,Furniture,Chairs,Pen,269.08,92,0.48,265.9
3218,8/18/2011,9/25/2016,Same Day Shipping,2288,Hynda O'Mara,Corporate,United States,Oakland,California,94627,West,7899,Furniture,Paper,Chair,676.82,58,0.42,244.64
3047,5/18/2016,6/2/2019,Same Day Shipping,7478,Arv Tretter,Corporate,United States,Pasadena,California,91103,East,9939,Furniture,Laptops,Table,325.91,100,0.14,129.46
6511,10/31/2010,11/15/2021,Express Shipping,7284,Tarra Paszak,Home Office,United States,San Diego,California,92165,East,8720,Technology,Tables,Phone,900.41,6,0.29,342.75
2421,2/3/2019,8/27/2017,Standard Shipping,1905,Dar Nestor,Corporate,United States,Corona,California,92883,South,8651,Office Supplies,Paper,Laptop,224.77,62,0.43,327.09
5448,7/17/2015,9/11/2013,Express Shipping,2233,Almeda Scardafield,Home Office,United States,Burbank,California,91505,North,1947,Office Supplies,Tables,Phone,314.4,74,0.27,452.06
6920,4/14/2014,2/11/2022,Same Day Shipping,1818,Stephenie Sheerman,Home Office,United States,Oceanside,California,92056,North,2799,Furniture,Paper,Paper,879.26,30,0.47,162.83
7012,1/23/2013,11/13/2018,Same Day Shipping,2774,Claiborn Meckiff,Home Office,United States,San Diego,California,92110,North,3802,Furniture,Laptops,Paper,822.33,9,0.14,221.81
2817,6/7/2011,10/27/2019,Standard Shipping,7346,L;urette Solon,Home Office,United States,San Rafael,California,94913,East,9059,Office Supplies,Chairs,Laptop,206.27,80,0.27,223.76
4577,4/1/2016,7/11/2011,Standard Shipping,2633,Rem Trussell,Consumer,United States,San Diego,California,92110,North,9572,Office Supplies,Paper,Pen,721.98,68,0.02,326.86
3118,1/12/2013,1/28/2018,Standard Shipping,7215,Kaylee Cana,Consumer,United States,San Francisco,California,94110,West,8137,Office Supplies,Tables,Table,342.12,3,0.33,475.58
7222,12/1/2021,7/11/2011,Express Shipping,5050,Corabelle McMoyer,Corporate,United States,Los Angeles,California,90040,North,7270,Furniture,Phones,Table,365.37,41,0.34,195.79
7221,7/4/2019,5/8/2019,Express Shipping,4636,Culver Heinzel,Corporate,United States,Oakland,California,94627,North,1271,Furniture,Tables,Table,571.46,70,0.27,310.98
2916,1/7/2016,11/3/2022,Same Day Shipping,5521,Millicent Plom,Consumer,United States,Los Angeles,California,90040,West,5565,Technology,Tables,Chair,733.77,27,0.37,464.52
4881,12/30/2014,8/10/2011,Same Day Shipping,1209,Misty Van Dijk,Corporate,United States,Sacramento,California,94291,South,8501,Office Supplies,Laptops,Paper,192.78,96,0.16,430.26
3997,9/6/2021,1/24/2021,Express Shipping,4998,Catherina Gianni,Home Office,United States,San Francisco,California,94159,North,1108,Office Supplies,Laptops,Laptop,790.35,66,0.31,442.43
5332,8/7/2022,2/29/2012,Standard Shipping,3119,Rusty Ellgood,Home Office,United States,Stockton,California,95210,North,2705,Furniture,Tables,Table,119.42,36,0.45,455.41
1184,8/9/2019,11/11/2014,Same Day Shipping,2579,Chance Fever,Home Office,United States,Van Nuys,California,91499,South,4665,Furniture,Paper,Table,376.07,76,0.46,394.53
2275,10/6/2021,7/7/2013,Same Day Shipping,3444,Joycelin Boneham,Corporate,United States,Long Beach,California,90805,East,7698,Technology,Phones,Laptop,116.36,93,0.37,169.06
7422,6/29/2019,1/8/2020,Same Day Shipping,1996,Hanson Bedinn,Consumer,United States,Richmond,California,94807,South,4520,Office Supplies,Chairs,Paper,711.66,76,0.41,258.04
8606,2/10/2012,7/10/2017,Same Day Shipping,5771,Valentina Goadby,Consumer,United States,Los Angeles,California,90055,South,7198,Furniture,Pens,Table,155.07,27,0.39,142.19
6586,11/18/2019,11/21/2016,Express Shipping,6988,Cristie Runciman,Consumer,United States,Pasadena,California,91186,South,3235,Technology,Phones,Phone,860.51,91,0.19,293.49
3796,6/27/2017,12/3/2019,Standard Shipping,3130,Adaline Thrasher,Home Office,United States,Whittier,California,90610,North,5451,Furniture,Chairs,Table,18.73,50,0.31,474.9
2302,11/6/2018,12/2/2018,Same Day Shipping,4163,Nyssa Twidale,Corporate,United States,San Francisco,California,94121,West,9983,Technology,Tables,Laptop,726.41,44,0.36,378.61
1935,12/1/2013,7/28/2019,Standard Shipping,3251,Hayyim Caustick,Consumer,United States,San Jose,California,95160,East,6452,Furniture,Laptops,Chair,673.27,41,0.08,143.01
7158,12/26/2010,7/31/2020,Standard Shipping,6823,Aleda Lapthorne,Corporate,United States,Los Angeles,California,90094,South,6225,Furniture,Paper,Table,461.52,62,0.02,147.89
9901,4/5/2020,6/26/2010,Express Shipping,6594,Barny Stredder,Consumer,United States,Los Angeles,California,90045,South,7960,Furniture,Pens,Table,588.23,86,0.06,494.16
1420,2/16/2010,12/10/2013,Standard Shipping,7762,Imogene Ivashkin,Corporate,United States,Corona,California,92878,North,2731,Furniture,Chairs,Laptop,167.68,67,0.07,446.39
5738,6/5/2010,1/8/2013,Express Shipping,9839,Laney Polycote,Home Office,United States,Sacramento,California,95894,East,3256,Furniture,Pens,Paper,421.89,2,0.15,353.37
5021,9/2/2010,6/16/2013,Same Day Shipping,9550,Konstanze Janu,Corporate,United States,Carlsbad,California,92013,West,5247,Furniture,Phones,Pen,48.85,73,0.49,283.63
6324,7/12/2012,10/15/2015,Standard Shipping,3232,Clarine Grattan,Consumer,United States,Santa Ana,California,92725,North,5677,Furniture,Chairs,Phone,494.21,42,0.37,207.68
3742,11/14/2019,2/18/2017,Standard Shipping,1064,Ely Fowley,Home Office,United States,Simi Valley,California,93094,West,4333,Office Supplies,Laptops,Paper,782.91,83,0.12,128.59
5352,1/10/2019,5/6/2012,Standard Shipping,3043,Hermia Burghill,Corporate,United States,Sacramento,California,94273,West,9573,Technology,Paper,Chair,856.0,25,0.41,104.86
7753,9/22/2013,9/26/2013,Express Shipping,6225,Darby Yeldham,Consumer,United States,San Diego,California,92105,East,1426,Furniture,Phones,Phone,16.19,61,0.16,403.86
3239,12/31/2021,1/4/2011,Standard Shipping,2749,Arline Dunseith,Corporate,United States,Simi Valley,California,93094,North,9929,Office Supplies,Pens,Pen,151.01,26,0.36,469.47
6207,10/27/2022,11/27/2012,Express Shipping,3450,Brande Pickrill,Corporate,United States,Pasadena,California,91131,East,5244,Office Supplies,Chairs,Paper,65.1,39,0.15,349.43
4989,4/19/2012,3/6/2016,Same Day Shipping,3093,Billye Sheering,Corporate,United States,Simi Valley,California,93094,West,6400,Technology,Phones,Table,181.58,24,0.02,417.53
9744,8/26/2012,7/26/2020,Express Shipping,1403,Boycie Chesterman,Corporate,United States,Santa Cruz,California,95064,East,8508,Technology,Pens,Table,941.9,51,0.21,246.29
5236,4/25/2022,7/4/2013,Same Day Shipping,5483,Marleen Davidescu,Corporate,United States,Pasadena,California,91117,North,3087,Furniture,Tables,Phone,713.33,73,0.19,149.94
7755,2/2/2018,3/28/2018,Same Day Shipping,9276,Ali Elford,Corporate,United States,Whittier,California,90610,North,5971,Furniture,Laptops,Laptop,555.89,61,0.35,369.42
9689,11/30/2022,5/30/2016,Express Shipping,7233,Parrnell Haythornthwaite,Corporate,United States,Garden Grove,California,92645,South,2736,Furniture,Laptops,Laptop,37.09,4,0.26,367.93
3213,3/27/2014,3/13/2020,Same Day Shipping,7137,Charmine Conant,Corporate,United States,Oceanside,California,92056,West,8604,Office Supplies,Phones,Phone,825.05,53,0.41,301.07
4933,9/22/2016,7/12/2022,Express Shipping,4108,Daniela Bentote,Consumer,United States,Newport Beach,California,92662,East,6132,Technology,Pens,Phone,32.4,53,0.12,144.03
6248,4/7/2020,7/29/2022,Standard Shipping,8766,Zilvia Rainbow,Consumer,United States,Pasadena,California,91131,East,8226,Furniture,Tables,Phone,240.91,8,0.0,154.91
9066,7/14/2011,7/14/2017,Same Day Shipping,4253,Dallon Boyington,Consumer,United States,Fresno,California,93704,East,8117,Office Supplies,Laptops,Pen,19.86,1,0.21,197.42
3460,8/7/2012,9/27/2014,Same Day Shipping,6008,Nickola Fishbourn,Home Office,United States,Burbank,California,91505,South,5799,Furniture,Paper,Phone,81.43,57,0.29,265.91
2738,5/13/2019,8/15/2014,Express Shipping,6112,Chrissy McLeese,Corporate,United States,Inglewood,California,90305,West,2126,Technology,Laptops,Paper,345.65,70,0.19,317.13
2677,9/14/2013,8/12/2017,Standard Shipping,7692,Rachelle Flintoft,Home Office,United States,San Francisco,California,94159,South,3374,Furniture,Pens,Paper,21.1,91,0.18,426.61
4611,11/20/2018,4/24/2018,Same Day Shipping,7490,Sigmund Cosens,Home Office,United States,Sacramento,California,95813,West,2463,Office Supplies,Chairs,Table,355.35,77,0.01,476.65
2460,2/13/2020,3/18/2014,Express Shipping,5821,Lisbeth Klaas,Consumer,United States,Los Angeles,California,90189,South,4977,Furniture,Chairs,Paper,27.19,48,0.38,355.75
6582,10/10/2022,7/3/2017,Same Day Shipping,6111,Berni Siemantel,Consumer,United States,Van Nuys,California,91499,South,9123,Technology,Pens,Pen,137.78,73,0.22,398.79
7271,5/8/2018,9/30/2018,Standard Shipping,3031,Nicol Mirando,Home Office,United States,Inglewood,California,90398,East,9736,Furniture,Laptops,Table,108.08,67,0.47,113.58
1468,10/23/2010,8/7/2015,Express Shipping,7921,Raimundo Keeri,Home Office,United States,Sacramento,California,95894,West,7724,Furniture,Chairs,Pen,817.95,57,0.01,127.08
6821,9/30/2022,3/13/2022,Express Shipping,3078,Whitney Cupper,Home Office,United States,San Diego,California,92191,South,4387,Office Supplies,Chairs,Pen,339.19,75,0.23,347.23
9048,4/27/2013,4/3/2017,Express Shipping,7271,Angelita Crate,Corporate,United States,San Francisco,California,94159,North,3512,Furniture,Pens,Table,487.45,21,0.46,287.15
9684,10/11/2017,5/24/2010,Standard Shipping,9941,Johnny McKinnon,Consumer,United States,Sacramento,California,94237,South,1421,Technology,Paper,Table,437.09,53,0.02,159.16
1306,10/5/2021,12/30/2018,Express Shipping,6540,Jewelle Ladbury,Home Office,United States,San Jose,California,95128,West,3934,Office Supplies,Pens,Chair,648.52,26,0.25,385.96
5778,11/24/2018,2/11/2013,Standard Shipping,1545,Jude Baruch,Corporate,United States,Pasadena,California,91131,West,6055,Technology,Laptops,Chair,686.55,71,0.08,177.35
8566,3/29/2022,1/21/2022,Standard Shipping,3601,Berty Beevor,Home Office,United States,Sacramento,California,94263,West,8219,Furniture,Tables,Phone,103.59,72,0.41,403.22
3566,4/15/2020,6/21/2022,Same Day Shipping,1696,Jervis Rawlinson,Home Office,United States,Oakland,California,94627,East,4394,Furniture,Laptops,Paper,807.04,66,0.36,447.4
9832,2/19/2021,7/27/2016,Express Shipping,2568,Cher Kelwick,Corporate,United States,Fresno,California,93715,West,2385,Office Supplies,Paper,Laptop,709.56,40,0.18,272.42
5823,12/12/2011,8/28/2022,Same Day Shipping,9973,Vannie Farrow,Consumer,United States,Sacramento,California,94297,East,1808,Office Supplies,Paper,Pen,60.79,3,0.47,142.42
1224,10/4/2020,8/22/2018,Express Shipping,5868,Ara Petera,Corporate,United States,Fullerton,California,92835,East,2400,Technology,Chairs,Pen,864.64,95,0.09,436.92
1716,10/31/2015,6/11/2019,Same Day Shipping,5769,Belle Schruur,Corporate,United States,Corona,California,92878,East,7609,Furniture,Chairs,Phone,981.23,4,0.39,379.46
5894,1/11/2019,3/3/2019,Standard Shipping,2194,Morry Baswall,Consumer,United States,Sacramento,California,94297,North,7772,Office Supplies,Paper,Pen,648.81,21,0.44,129.03
2142,1/23/2016,7/11/2013,Same Day Shipping,9319,Guilbert Giron,Consumer,United States,San Jose,California,95128,South,2494,Office Supplies,Laptops,Table,418.46,100,0.44,105.53
3886,4/30/2014,7/12/2018,Express Shipping,6379,Dexter Smead,Consumer,United States,Irvine,California,92619,East,8817,Office Supplies,Phones,Phone,37.03,2,0.39,212.04
8791,11/27/2019,10/12/2011,Same Day Shipping,2931,Randi Nawton,Corporate,United States,Chico,California,95973,North,6338,Furniture,Phones,Paper,955.59,22,0.3,194.6
8775,5/24/2010,3/6/2021,Standard Shipping,9824,Catherine Aleixo,Home Office,United States,Lancaster,California,93584,West,7298,Furniture,Pens,Phone,133.19,26,0.2,383.54
1162,11/14/2021,3/2/2019,Express Shipping,7661,Meridith Pabst,Consumer,United States,San Jose,California,95138,East,3010,Office Supplies,Laptops,Pen,10.83,68,0.48,453.64
5110,4/5/2021,2/9/2021,Standard Shipping,2387,Forster Antonnikov,Corporate,United States,Santa Rosa,California,95405,West,1694,Office Supplies,Paper,Table,807.64,38,0.19,155.27
5476,6/18/2020,6/16/2018,Express Shipping,9916,Niki Woodier,Consumer,United States,San Francisco,California,94154,North,3090,Office Supplies,Chairs,Chair,525.31,91,0.18,350.67
2907,12/12/2019,1/29/2021,Express Shipping,9564,Gwenette Klimp,Home Office,United States,Mountain View,California,94042,East,1425,Office Supplies,Phones,Laptop,568.59,30,0.36,168.18
4853,6/20/2013,7/21/2018,Same Day Shipping,8327,Benjy de Wilde,Corporate,United States,Inglewood,California,90305,South,6913,Furniture,Laptops,Chair,355.75,35,0.32,115.48
2187,6/30/2015,7/25/2018,Express Shipping,1859,Justine Liffe,Home Office,United States,Carlsbad,California,92013,East,1734,Technology,Tables,Pen,833.65,9,0.23,227.66
4771,9/17/2011,10/13/2022,Same Day Shipping,2944,Donovan Jaray,Corporate,United States,Los Angeles,California,90030,South,3716,Office Supplies,Phones,Laptop,462.51,93,0.35,133.46
7656,1/30/2022,12/12/2021,Standard Shipping,5371,Marleen Bedome,Corporate,United States,Fresno,California,93762,North,8603,Office Supplies,Phones,Table,482.33,61,0.12,108.21
9342,1/19/2018,7/29/2020,Standard Shipping,2500,Nettle Smullen,Consumer,United States,San Diego,California,92127,North,1555,Furniture,Chairs,Chair,775.61,44,0.13,265.84
2660,8/5/2016,10/18/2016,Express Shipping,8022,Rosetta Burgwin,Home Office,United States,Sacramento,California,95818,East,5255,Furniture,Paper,Paper,962.73,97,0.14,227.65
9884,9/25/2016,6/9/2015,Same Day Shipping,9092,Cal Hallybone,Home Office,United States,San Francisco,California,94121,East,5012,Office Supplies,Chairs,Phone,215.46,87,0.2,127.18
1889,11/18/2012,9/11/2010,Express Shipping,1069,Tito Juschka,Home Office,United States,Pasadena,California,91117,South,4525,Furniture,Chairs,Chair,694.24,78,0.49,215.77
9267,9/9/2016,12/30/2019,Same Day Shipping,8307,Maximo Lauthian,Home Office,United States,Alhambra,California,91841,South,6670,Technology,Paper,Paper,668.39,43,0.18,265.21
3859,7/30/2020,11/25/2012,Same Day Shipping,7593,Elvin Ackerley,Consumer,United States,Fresno,California,93762,South,9343,Furniture,Tables,Table,644.25,71,0.21,232.41
1094,3/2/2011,7/14/2019,Standard Shipping,6613,Darrick Cotilard,Corporate,United States,Carlsbad,California,92013,North,5465,Technology,Pens,Table,468.86,27,0.15,184.39
6277,6/10/2018,1/22/2015,Same Day Shipping,4608,Butch Dzeniskevich,Home Office,United States,Santa Cruz,California,95064,South,4447,Office Supplies,Tables,Laptop,95.33,80,0.2,245.05
3894,9/5/2017,5/7/2017,Same Day Shipping,1132,Jecho Semarke,Corporate,United States,San Francisco,California,94110,East,9286,Furniture,Phones,Phone,354.3,38,0.29,210.85
6774,7/7/2010,9/6/2015,Standard Shipping,3832,Blinni Perring,Home Office,United States,San Diego,California,92191,East,6497,Technology,Chairs,Pen,611.84,13,0.09,160.59
9504,8/28/2011,4/18/2019,Same Day Shipping,9431,Giselbert Charrington,Consumer,United States,Fresno,California,93773,North,5801,Office Supplies,Paper,Phone,153.63,44,0.05,440.45
9510,1/2/2016,5/1/2010,Same Day Shipping,1458,Sal Venners,Consumer,United States,Stockton,California,95205,North,4291,Technology,Tables,Paper,963.35,25,0.09,259.57
7297,1/25/2019,8/7/2012,Standard Shipping,6068,Clare Raoul,Consumer,United States,Long Beach,California,90831,East,2820,Office Supplies,Paper,Chair,260.51,1,0.05,394.09
2089,3/5/2011,6/8/2022,Same Day Shipping,8104,Bernelle Leyborne,Home Office,United States,Garden Grove,California,92645,West,2868,Furniture,Paper,Paper,892.26,66,0.31,191.19
3556,12/6/2016,2/24/2014,Express Shipping,7974,Perkin Raybould,Corporate,United States,Torrance,California,90505,South,5421,Office Supplies,Pens,Pen,999.27,1,0.5,151.79
5718,9/9/2014,10/3/2010,Standard Shipping,1963,Carly Ruperti,Corporate,United States,Stockton,California,95210,West,2020,Office Supplies,Phones,Laptop,202.55,24,0.14,243.51
5945,7/16/2017,10/9/2018,Same Day Shipping,5086,Karil Boyington,Home Office,United States,Sacramento,California,95894,South,6300,Technology,Paper,Laptop,407.58,100,0.04,489.25
3860,10/10/2010,4/29/2019,Standard Shipping,3506,Even Dyos,Consumer,United States,San Francisco,California,94159,North,4715,Technology,Laptops,Paper,482.03,34,0.4,419.81
8229,1/16/2013,4/17/2020,Standard Shipping,8775,Caril McGraw,Consumer,United States,Anaheim,California,92825,North,2072,Technology,Tables,Pen,250.91,5,0.43,253.5
5247,11/26/2017,4/19/2019,Express Shipping,5975,Shell Whiting,Corporate,United States,Los Angeles,California,90055,North,2136,Technology,Pens,Chair,988.81,48,0.23,281.85
4422,8/8/2020,9/24/2021,Same Day Shipping,4486,Nils Seabourne,Home Office,United States,Fullerton,California,92640,East,5680,Furniture,Pens,Table,516.31,41,0.32,128.33
1897,7/21/2013,1/1/2015,Same Day Shipping,3144,Haley Laughnan,Home Office,United States,Palmdale,California,93591,East,5886,Office Supplies,Chairs,Laptop,902.03,54,0.17,104.19
1264,10/30/2016,5/16/2012,Standard Shipping,9339,Sondra Tourville,Corporate,United States,Oakland,California,94622,North,8077,Technology,Laptops,Laptop,358.95,50,0.07,189.47
3825,10/11/2019,7/9/2020,Standard Shipping,4477,Lynnea Chastaing,Corporate,United States,Oakland,California,94627,South,2475,Furniture,Tables,Paper,526.1,10,0.18,424.11
4089,11/9/2010,5/28/2019,Express Shipping,8750,Josefina Unger,Consumer,United States,Pasadena,California,91199,South,5304,Technology,Tables,Phone,636.34,19,0.49,311.75
2684,9/8/2011,6/27/2014,Express Shipping,6866,Carlotta Geall,Consumer,United States,San Jose,California,95194,East,1538,Office Supplies,Chairs,Paper,421.75,83,0.27,280.58
6933,8/18/2022,6/20/2016,Express Shipping,6162,Pierson Whitcombe,Corporate,United States,Bakersfield,California,93305,South,4591,Technology,Paper,Pen,558.17,1,0.11,171.98
1979,12/5/2022,4/13/2013,Standard Shipping,1758,Jeanne Pail,Consumer,United States,Fresno,California,93762,East,3364,Furniture,Pens,Table,826.15,15,0.24,204.61
5079,6/16/2012,5/30/2022,Standard Shipping,3832,Griffin Hamberston,Consumer,United States,Simi Valley,California,93094,South,4136,Office Supplies,Pens,Paper,585.56,42,0.42,379.11
3921,9/3/2010,9/30/2011,Same Day Shipping,2916,Terrance Hucks,Consumer,United States,Corona,California,92878,East,9492,Office Supplies,Chairs,Phone,458.65,35,0.1,109.75
4498,6/8/2011,6/7/2022,Same Day Shipping,9689,Lara Plom,Consumer,United States,San Diego,California,92127,East,1919,Furniture,Laptops,Paper,245.82,77,0.19,242.44
6700,5/18/2021,1/7/2015,Express Shipping,6199,Christoffer Hynard,Corporate,United States,Oakland,California,94611,West,8131,Technology,Chairs,Phone,346.88,32,0.47,283.86
3999,1/8/2019,10/11/2018,Standard Shipping,1591,Maurise Ennion,Corporate,United States,Sacramento,California,94297,East,6722,Office Supplies,Phones,Chair,178.68,34,0.33,262.87
2463,6/6/2011,7/22/2020,Express Shipping,6239,Ricky Tanner,Home Office,United States,Garden Grove,California,92645,East,1913,Furniture,Tables,Laptop,432.52,83,0.38,251.37
6109,4/9/2016,10/16/2011,Standard Shipping,9389,Queenie Gavrielly,Consumer,United States,Richmond,California,94807,South,8196,Furniture,Paper,Chair,410.77,31,0.23,452.53
8918,11/6/2014,4/10/2015,Same Day Shipping,2392,Terri O'Dowling,Home Office,United States,Fresno,California,93762,North,7304,Furniture,Laptops,Laptop,727.68,25,0.1,157.38
7778,10/9/2021,4/8/2022,Same Day Shipping,6357,Carlynn McGrann,Corporate,United States,Santa Cruz,California,95064,South,2338,Furniture,Tables,Laptop,4.71,92,0.03,268.34
9826,3/12/2016,2/3/2015,Same Day Shipping,3616,Darrin MacKill,Corporate,United States,Sacramento,California,95813,West,8424,Technology,Phones,Pen,740.97,55,0.29,366.69
7299,8/16/2012,6/24/2018,Same Day Shipping,1269,Fonz Dishmon,Home Office,United States,Richmond,California,94807,West,3010,Furniture,Laptops,Chair,918.3,79,0.07,247.16
3149,9/15/2016,12/6/2014,Same Day Shipping,5636,Robinet Rutherfoord,Corporate,United States,Sacramento,California,94297,East,4786,Furniture,Pens,Laptop,563.79,28,0.12,239.65
9434,5/3/2018,7/5/2017,Standard Shipping,2660,Aleksandr Scouler,Corporate,United States,Oakland,California,94622,North,4280,Furniture,Tables,Paper,912.33,6,0.16,254.64
5021,6/16/2011,2/19/2014,Express Shipping,4508,Daniella Broadley,Corporate,United States,Irvine,California,92619,South,4950,Office Supplies,Phones,Table,725.98,47,0.47,446.84
1043,7/21/2010,12/16/2017,Express Shipping,8797,Anett Schops,Corporate,United States,Mountain View,California,94042,North,7584,Technology,Pens,Phone,786.01,42,0.16,222.88
9362,2/17/2015,9/9/2013,Same Day Shipping,1326,Jyoti Thams,Consumer,United States,San Jose,California,95113,West,6225,Technology,Paper,Laptop,79.21,71,0.11,117.62
8065,4/17/2015,7/10/2012,Standard Shipping,4757,Issie Simonyi,Consumer,United States,San Rafael,California,94913,South,1371,Furniture,Tables,Pen,44.49,75,0.02,279.15
8672,3/31/2011,12/12/2018,Standard Shipping,2967,Ardelia Jonson,Home Office,United States,Sunnyvale,California,94089,South,8373,Furniture,Phones,Paper,799.7,92,0.3,126.98
8842,1/19/2010,4/5/2014,Standard Shipping,8699,Yolande Catmull,Corporate,United States,Burbank,California,91505,South,8013,Technology,Paper,Chair,24.55,12,0.13,265.3
4890,4/1/2021,6/26/2015,Express Shipping,5814,Bertie Sleit,Consumer,United States,Orange,California,92668,South,7712,Furniture,Laptops,Pen,700.78,16,0.19,125.17
5113,8/14/2011,7/29/2016,Standard Shipping,8395,Esme Tyrrell,Consumer,United States,San Jose,California,95128,North,8717,Office Supplies,Phones,Laptop,195.68,72,0.16,123.21
4963,2/22/2015,4/15/2012,Standard Shipping,7599,Mack Poschel,Home Office,United States,Sunnyvale,California,94089,South,1674,Office Supplies,Laptops,Table,55.8,62,0.43,310.25
5741,8/15/2012,1/14/2018,Same Day Shipping,3085,Larry Martinson,Home Office,United States,Garden Grove,California,92645,North,8754,Office Supplies,Paper,Laptop,574.86,90,0.44,496.48
4658,9/24/2022,12/23/2019,Same Day Shipping,2083,Allie Messitt,Corporate,United States,San Diego,California,92153,North,4546,Office Supplies,Phones,Table,968.09,59,0.47,495.59
7227,1/9/2011,11/3/2015,Standard Shipping,7280,Brod Circuitt,Home Office,United States,Salinas,California,93907,North,1993,Furniture,Chairs,Table,402.89,32,0.08,368.88
3598,1/23/2015,7/7/2013,Same Day Shipping,8317,Arny Tremmil,Home Office,United States,Chico,California,95973,North,9141,Furniture,Paper,Phone,481.51,48,0.14,288.24
2413,2/19/2021,1/18/2017,Express Shipping,9730,Luella Soan,Home Office,United States,Oakland,California,94622,West,1285,Office Supplies,Chairs,Laptop,80.96,57,0.29,253.52
8750,3/11/2014,8/4/2017,Express Shipping,4762,Alvie Haughin,Consumer,United States,San Jose,California,95128,South,8632,Furniture,Tables,Paper,143.13,40,0.08,242.1
2365,5/30/2013,4/3/2013,Same Day Shipping,8934,Vilma Handrok,Home Office,United States,Pasadena,California,91131,East,5662,Office Supplies,Phones,Phone,359.88,84,0.02,381.64
2925,10/31/2018,2/13/2019,Express Shipping,2680,Salomon Magnay,Consumer,United States,Los Angeles,California,90076,East,3199,Furniture,Pens,Paper,554.06,59,0.24,329.02
8849,3/6/2011,5/18/2010,Express Shipping,8257,Alexandrina Haldane,Consumer,United States,Garden Grove,California,92645,South,1600,Furniture,Phones,Phone,179.16,16,0.49,435.84
3937,1/22/2018,2/2/2016,Standard Shipping,3039,Teodoro Burtonshaw,Consumer,United States,Sacramento,California,94263,South,2942,Technology,Paper,Table,319.44,69,0.14,200.99
2222,4/15/2012,11/5/2020,Same Day Shipping,8676,Joe Finnan,Corporate,United States,Long Beach,California,90831,East,1194,Office Supplies,Chairs,Paper,479.27,70,0.12,360.49
5069,4/2/2014,4/19/2011,Express Shipping,5462,Bathsheba Sabben,Consumer,United States,San Bernardino,California,92415,North,7732,Office Supplies,Tables,Pen,274.87,51,0.15,490.17
7381,9/6/2017,4/24/2018,Express Shipping,5734,Quentin Zucker,Consumer,United States,San Jose,California,95194,East,2488,Technology,Pens,Phone,70.18,95,0.1,209.74
8528,1/19/2013,4/14/2012,Standard Shipping,1205,Melisa Severns,Corporate,United States,Burbank,California,91505,South,6496,Furniture,Pens,Laptop,535.11,40,0.33,183.16
4815,9/23/2021,4/9/2019,Standard Shipping,1897,Berky Kesper,Corporate,United States,San Jose,California,95113,South,1109,Technology,Tables,Laptop,758.99,28,0.15,190.89
9015,3/17/2017,7/28/2017,Express Shipping,5365,Rayshell Rosenhaus,Consumer,United States,Los Angeles,California,90040,North,1772,Furniture,Tables,Phone,79.16,3,0.02,488.43
2080,8/3/2012,12/5/2016,Express Shipping,5540,Frances Bosward,Home Office,United States,Fresno,California,93715,East,6667,Office Supplies,Pens,Chair,766.91,60,0.27,188.0
9862,8/7/2021,5/19/2012,Same Day Shipping,2310,Holly-anne Durber,Corporate,United States,Stockton,California,95205,West,9629,Furniture,Chairs,Table,3.12,64,0.18,377.61
8354,2/6/2010,3/24/2013,Standard Shipping,7224,Orella Botright,Consumer,United States,Stockton,California,95205,North,6900,Furniture,Tables,Table,880.36,80,0.23,180.79
8490,5/18/2019,8/16/2020,Express Shipping,3982,Jdavie Lakes,Corporate,United States,Los Angeles,California,90065,North,4628,Technology,Laptops,Table,391.17,23,0.17,419.46
9356,11/30/2012,2/9/2012,Same Day Shipping,6727,Geoffry Excell,Corporate,United States,San Francisco,California,94159,South,8387,Furniture,Laptops,Pen,920.47,7,0.07,100.12
8133,1/22/2020,12/24/2010,Express Shipping,2380,Delora Mouse,Home Office,United States,Lancaster,California,93584,South,5022,Office Supplies,Laptops,Pen,816.19,78,0.12,481.74
6933,6/27/2022,8/3/2011,Same Day Shipping,9782,Zebadiah Davson,Home Office,United States,Pasadena,California,91103,West,9527,Technology,Laptops,Laptop,451.52,62,0.43,148.37
5689,10/30/2014,9/23/2012,Express Shipping,5138,Alysa Pietri,Home Office,United States,Bakersfield,California,93311,North,8002,Furniture,Phones,Phone,990.15,93,0.07,490.77
6522,7/3/2010,6/22/2014,Express Shipping,7275,Cherice Tipper,Consumer,United States,Torrance,California,90505,North,8361,Technology,Chairs,Table,554.05,61,0.12,354.62
1882,12/17/2011,3/22/2012,Standard Shipping,8287,Phaidra Gallie,Home Office,United States,Sacramento,California,94207,East,8327,Furniture,Laptops,Chair,722.96,20,0.21,400.18
6050,10/28/2020,4/6/2017,Standard Shipping,1418,Lyell Giacomelli,Corporate,United States,San Francisco,California,94159,East,1284,Furniture,Laptops,Paper,976.95,26,0.18,138.97
2066,12/9/2013,12/18/2012,Same Day Shipping,4259,Yank Hallstone,Home Office,United States,San Rafael,California,94913,North,1581,Office Supplies,Phones,Chair,694.94,60,0.34,488.33
7522,3/27/2017,1/5/2018,Same Day Shipping,5367,Gabey Jarlmann,Corporate,United States,Santa Cruz,California,95064,East,2382,Technology,Paper,Chair,104.33,96,0.44,276.81
5333,4/9/2019,4/9/2010,Standard Shipping,4243,Gilligan Aldis,Consumer,United States,Fullerton,California,92640,East,6117,Office Supplies,Laptops,Table,329.83,13,0.46,477.95
8127,12/8/2016,11/21/2014,Same Day Shipping,2350,Alex Haynesford,Home Office,United States,Sacramento,California,94263,North,4780,Technology,Pens,Laptop,834.76,84,0.1,237.2
1434,9/13/2010,5/13/2017,Standard Shipping,7540,Vi Jeppe,Corporate,United States,Long Beach,California,90831,North,9066,Office Supplies,Laptops,Laptop,257.14,59,0.13,460.96
3564,10/26/2020,11/24/2021,Standard Shipping,7826,Angie Meak,Home Office,United States,San Jose,California,95160,West,9207,Furniture,Chairs,Chair,683.85,94,0.07,472.67
9362,1/9/2017,10/17/2012,Standard Shipping,4827,Irvin Seavers,Home Office,United States,Los Angeles,California,90035,South,9080,Technology,Phones,Pen,332.92,51,0.02,382.04
1107,7/11/2012,4/7/2020,Standard Shipping,6061,Jaymee Bruyntjes,Corporate,United States,Stockton,California,95210,East,1593,Office Supplies,Phones,Pen,882.28,20,0.49,279.93
1230,4/28/2015,7/3/2011,Same Day Shipping,1386,Nicol Bellfield,Consumer,United States,Garden Grove,California,92645,West,6896,Furniture,Paper,Table,935.36,60,0.3,451.52
9641,9/22/2016,10/24/2018,Standard Shipping,2218,Jacquette Drewitt,Consumer,United States,Glendale,California,91210,East,9834,Furniture,Paper,Pen,776.47,55,0.01,399.82
6254,6/4/2019,10/4/2021,Same Day Shipping,9862,Valencia Howe,Corporate,United States,Los Angeles,California,90010,East,6465,Technology,Paper,Laptop,805.24,62,0.11,218.34
7179,6/14/2022,9/5/2022,Express Shipping,1436,Brittney Maddern,Corporate,United States,Los Angeles,California,90010,West,6345,Technology,Phones,Laptop,607.61,3,0.32,426.33
8336,7/8/2013,4/22/2010,Express Shipping,7568,Krysta Elwin,Home Office,United States,Lancaster,California,93584,East,5560,Furniture,Phones,Pen,454.23,21,0.18,472.31
7690,11/3/2020,3/26/2013,Same Day Shipping,7079,Ludovika Kindleside,Corporate,United States,Los Angeles,California,90076,South,5709,Technology,Phones,Pen,152.24,24,0.06,453.53
8111,5/7/2019,4/17/2021,Same Day Shipping,4787,Shelden Astling,Consumer,United States,Sacramento,California,95894,North,7990,Furniture,Laptops,Paper,492.88,79,0.39,288.37
7161,9/24/2020,8/6/2013,Same Day Shipping,5171,Suzanna Whiteway,Home Office,United States,Irvine,California,92619,North,3368,Furniture,Chairs,Pen,79.48,17,0.49,197.39
5304,6/14/2014,4/8/2021,Same Day Shipping,3381,Alister Livoir,Home Office,United States,San Jose,California,95123,East,4283,Furniture,Paper,Phone,510.75,66,0.21,417.54
2951,4/19/2017,2/9/2022,Express Shipping,5146,Moishe Derrell,Home Office,United States,Los Angeles,California,90071,North,5303,Furniture,Paper,Pen,474.62,89,0.08,365.12
8139,11/25/2019,2/21/2013,Same Day Shipping,4701,Micki Maccrie,Corporate,United States,San Jose,California,95194,South,7206,Office Supplies,Laptops,Pen,194.87,30,0.43,236.38
1379,7/27/2015,11/27/2019,Express Shipping,6720,Chrystal Kinghorne,Consumer,United States,Sacramento,California,94263,North,9684,Furniture,Paper,Pen,281.28,31,0.48,176.92
1935,7/27/2010,7/4/2019,Express Shipping,6185,Germain Jeaves,Home Office,United States,San Jose,California,95194,North,7020,Office Supplies,Phones,Chair,115.31,20,0.28,275.71
6035,5/11/2017,5/10/2013,Standard Shipping,9676,Biron Cordelle,Consumer,United States,San Jose,California,95113,South,5029,Technology,Phones,Table,454.32,6,0.28,454.38
4588,6/20/2011,6/19/2016,Same Day Shipping,1815,Boyce Sabatier,Consumer,United States,San Diego,California,92110,West,3199,Technology,Tables,Pen,226.53,83,0.03,482.58
7353,1/21/2010,7/23/2011,Same Day Shipping,1216,Jennine Hembry,Consumer,United States,San Diego,California,92132,North,9558,Office Supplies,Laptops,Phone,225.92,17,0.28,286.23
3345,5/23/2012,8/23/2022,Same Day Shipping,5832,Neil Divill,Consumer,United States,Sacramento,California,94250,South,7226,Office Supplies,Chairs,Chair,664.64,60,0.35,479.37
3660,7/13/2011,6/20/2013,Standard Shipping,2689,Haze Roakes,Home Office,United States,Los Angeles,California,90005,West,4859,Technology,Laptops,Paper,390.69,25,0.1,139.85
6018,11/18/2010,6/27/2013,Express Shipping,9603,Nert Slee,Corporate,United States,Oceanside,California,92056,West,1400,Office Supplies,Paper,Pen,370.86,100,0.16,208.31
2142,5/15/2015,11/28/2012,Standard Shipping,2730,Ringo Mouse,Corporate,United States,Santa Ana,California,92725,South,7653,Technology,Phones,Table,679.27,84,0.15,462.47
3427,4/2/2013,11/17/2010,Express Shipping,1729,Kathe Fairebrother,Home Office,United States,Van Nuys,California,91499,North,7495,Office Supplies,Paper,Pen,482.11,82,0.08,293.76
8584,4/2/2020,6/6/2012,Same Day Shipping,8857,Kendall Bouchier,Consumer,United States,Pasadena,California,91131,West,3092,Technology,Tables,Pen,28.84,49,0.25,370.57
3765,2/25/2016,8/21/2018,Standard Shipping,5621,Drew Di Francesco,Corporate,United States,Sacramento,California,94263,South,3169,Furniture,Pens,Laptop,19.9,41,0.42,419.86
8044,7/20/2016,10/4/2017,Same Day Shipping,4737,Diahann Hurcombe,Consumer,United States,San Bernardino,California,92415,East,6178,Office Supplies,Laptops,Chair,312.66,100,0.33,400.82
5584,2/11/2011,12/30/2019,Same Day Shipping,4555,Mamie Gove,Consumer,United States,Fresno,California,93762,North,1131,Furniture,Tables,Paper,107.74,40,0.22,305.32
5443,8/10/2020,12/14/2019,Same Day Shipping,9704,Jamey Babar,Corporate,United States,Los Angeles,California,90076,South,2308,Furniture,Phones,Phone,775.78,95,0.3,305.74
4433,3/1/2016,9/22/2012,Express Shipping,5396,Max Diperaus,Corporate,United States,Petaluma,California,94975,West,2231,Furniture,Chairs,Pen,875.77,54,0.12,310.02
8424,3/19/2010,6/18/2018,Standard Shipping,1730,Grange Waggatt,Home Office,United States,Newport Beach,California,92662,North,5107,Furniture,Tables,Table,670.38,94,0.25,330.17
4409,2/14/2019,11/6/2022,Standard Shipping,3226,Britteny Hills,Consumer,United States,San Jose,California,95128,East,9086,Furniture,Pens,Chair,512.01,35,0.49,273.8
8278,5/14/2018,7/4/2015,Express Shipping,1570,Janela Sibbald,Home Office,United States,Los Angeles,California,90065,West,6277,Furniture,Laptops,Pen,285.85,43,0.3,171.6
7774,1/18/2012,4/17/2019,Standard Shipping,4692,Christophorus Evert,Corporate,United States,San Jose,California,95123,West,1365,Furniture,Laptops,Chair,384.47,15,0.1,439.49
3943,2/20/2014,8/22/2015,Express Shipping,8401,Norrie Chetwind,Corporate,United States,San Diego,California,92105,North,5808,Technology,Tables,Pen,547.37,94,0.44,460.06
2175,12/6/2017,8/5/2015,Standard Shipping,7863,Marco Worrill,Consumer,United States,Los Angeles,California,90010,East,2924,Office Supplies,Paper,Table,974.45,65,0.26,106.77
6759,4/29/2018,1/24/2020,Standard Shipping,4159,Bernete Dincey,Corporate,United States,San Francisco,California,94159,East,3360,Furniture,Laptops,Phone,704.49,81,0.48,385.12
9020,2/6/2011,12/30/2021,Express Shipping,3695,Koren Rowcastle,Corporate,United States,Stockton,California,95205,West,2695,Furniture,Pens,Laptop,871.25,32,0.46,418.99
9141,12/29/2016,3/12/2015,Same Day Shipping,3760,Rafi Pitson,Consumer,United States,Petaluma,California,94975,South,7516,Office Supplies,Phones,Phone,393.43,4,0.48,154.31
7799,5/2/2019,11/6/2010,Standard Shipping,5074,Ralf Magnar,Corporate,United States,Burbank,California,91505,North,4220,Furniture,Phones,Laptop,448.68,69,0.27,251.87
6469,10/28/2010,1/27/2022,Standard Shipping,7107,Darrelle Gergher,Consumer,United States,Long Beach,California,90831,North,8731,Furniture,Paper,Paper,43.78,15,0.07,217.35
3684,10/22/2021,10/1/2017,Standard Shipping,1926,Karol Hargreave,Consumer,United States,San Diego,California,92191,East,2057,Office Supplies,Phones,Phone,679.69,42,0.09,334.19
3030,9/13/2016,3/5/2020,Same Day Shipping,6173,Mildrid Spilisy,Corporate,United States,Los Angeles,California,90045,East,8439,Technology,Pens,Table,182.49,40,0.48,114.58
5950,9/18/2017,5/7/2019,Same Day Shipping,9839,Mikkel Povall,Consumer,United States,Los Angeles,California,90071,South,9093,Furniture,Laptops,Chair,254.43,58,0.29,355.99
4101,5/30/2017,9/1/2011,Standard Shipping,5071,Flynn Brimelow,Home Office,United States,Petaluma,California,94975,South,1010,Office Supplies,Phones,Table,907.15,53,0.03,369.68
1384,1/8/2015,1/19/2017,Standard Shipping,4497,Reginauld Lillo,Home Office,United States,Long Beach,California,90805,North,2260,Furniture,Paper,Chair,178.74,73,0.24,348.86
5626,11/19/2021,8/26/2021,Standard Shipping,8730,Inglebert Greeves,Consumer,United States,Stockton,California,95210,East,7300,Office Supplies,Phones,Laptop,238.42,43,0.12,281.9
2775,7/23/2022,10/10/2014,Same Day Shipping,7510,Sampson Slesser,Home Office,United States,Newport Beach,California,92662,East,2866,Office Supplies,Tables,Laptop,340.92,23,0.23,157.9
8231,5/7/2021,4/24/2015,Standard Shipping,2163,Kory Drewry,Consumer,United States,Los Angeles,California,90030,North,8927,Office Supplies,Tables,Paper,765.34,98,0.15,352.86
6703,12/14/2011,4/28/2021,Express Shipping,2896,Chalmers Manton,Consumer,United States,Sacramento,California,94207,East,4199,Furniture,Tables,Chair,483.22,62,0.18,343.7
3508,2/18/2021,11/18/2022,Same Day Shipping,5826,Vita Jagg,Corporate,United States,Fresno,California,93704,South,1656,Technology,Paper,Table,14.75,63,0.05,129.94
5305,8/14/2015,2/2/2011,Same Day Shipping,2583,Patrice Couchman,Home Office,United States,Glendale,California,91210,South,6530,Furniture,Phones,Phone,986.12,3,0.25,361.89
4112,3/3/2015,8/5/2014,Standard Shipping,3520,Donalt Deaconson,Consumer,United States,Chico,California,95973,North,2726,Technology,Phones,Chair,193.86,88,0.39,453.75
5764,5/26/2016,1/13/2019,Standard Shipping,8695,Rainer Manshaw,Corporate,United States,Simi Valley,California,93094,North,8391,Furniture,Laptops,Phone,505.3,47,0.32,150.75
5927,9/28/2018,2/15/2011,Express Shipping,1043,Elvina Lydall,Consumer,United States,San Diego,California,92170,East,2931,Technology,Laptops,Table,243.52,29,0.3,425.32
3154,5/30/2022,10/2/2010,Express Shipping,3670,Kaela Cars,Consumer,United States,San Francisco,California,94110,South,5244,Technology,Paper,Chair,725.05,60,0.35,335.16
7115,3/1/2010,11/2/2016,Express Shipping,9259,Pauly Artharg,Consumer,United States,Pasadena,California,91186,West,4235,Furniture,Pens,Table,610.68,78,0.2,180.08
6852,5/25/2020,11/12/2014,Same Day Shipping,8226,Meris Bettley,Consumer,United States,Santa Cruz,California,95064,West,2507,Technology,Laptops,Paper,542.19,20,0.48,305.49
9398,3/17/2016,2/27/2014,Express Shipping,2052,Jemima Learmouth,Home Office,United States,Santa Rosa,California,95405,North,6719,Technology,Chairs,Paper,919.95,6,0.19,137.53
8406,7/21/2016,3/12/2017,Same Day Shipping,1889,Marve Goodered,Consumer,United States,Fresno,California,93773,North,6637,Technology,Laptops,Paper,554.16,77,0.03,383.59
1943,7/13/2019,12/9/2018,Standard Shipping,5605,Jammal Caplen,Home Office,United States,Los Angeles,California,90030,East,3584,Furniture,Phones,Chair,891.2,54,0.33,166.25
1292,8/14/2022,7/23/2012,Same Day Shipping,4509,Valery Perin,Home Office,United States,San Jose,California,95138,East,1160,Technology,Chairs,Chair,104.57,89,0.05,276.79
9316,7/12/2022,9/22/2014,Express Shipping,2889,Jemie Ball,Home Office,United States,Los Angeles,California,90005,South,6140,Technology,Phones,Paper,723.29,50,0.07,340.96
6129,5/7/2014,10/21/2017,Same Day Shipping,8740,Kaylee Ivetts,Home Office,United States,Stockton,California,95205,South,5443,Furniture,Paper,Laptop,66.03,63,0.24,296.38
1562,3/31/2021,10/28/2020,Standard Shipping,3993,Corny Breazeall,Corporate,United States,Stockton,California,95210,North,2531,Office Supplies,Pens,Phone,246.61,15,0.26,360.83
4382,4/21/2010,1/9/2013,Same Day Shipping,2914,Audy Castagna,Home Office,United States,Los Angeles,California,90094,East,9884,Technology,Laptops,Pen,833.03,42,0.16,172.52
7459,10/26/2017,3/27/2022,Express Shipping,3649,Hedda Willder,Consumer,United States,Burbank,California,91505,West,1334,Furniture,Pens,Pen,772.8,66,0.44,418.33
4322,1/19/2016,9/23/2013,Same Day Shipping,7575,Chuck Marginson,Consumer,United States,Garden Grove,California,92645,North,5639,Technology,Phones,Paper,696.43,98,0.17,120.84
4611,7/20/2015,10/14/2012,Same Day Shipping,4161,Selena Rockwill,Home Office,United States,Palmdale,California,93591,West,6168,Technology,Laptops,Laptop,294.49,11,0.12,254.85
9528,7/31/2018,6/17/2013,Standard Shipping,7762,Evangeline Stanes,Consumer,United States,Stockton,California,95210,East,2010,Technology,Laptops,Laptop,167.16,97,0.01,413.94
6451,4/11/2017,4/13/2015,Standard Shipping,8780,Halsy Flinders,Corporate,United States,San Jose,California,95108,East,5043,Technology,Phones,Chair,380.09,99,0.46,208.82
5676,2/9/2010,3/1/2012,Express Shipping,9065,Clareta Wardrope,Corporate,United States,Sacramento,California,94263,North,9557,Furniture,Paper,Table,75.81,77,0.28,343.37
6940,7/31/2018,3/5/2012,Standard Shipping,2540,Brynn Leneve,Consumer,United States,Oceanside,California,92056,North,2156,Furniture,Phones,Paper,336.57,44,0.24,334.48
9354,7/5/2021,9/30/2022,Express Shipping,6362,Erich Barczynski,Consumer,United States,Inglewood,California,90398,East,7549,Office Supplies,Phones,Phone,587.93,5,0.05,172.7
9900,11/25/2016,11/13/2014,Express Shipping,3616,Tabbie Wadeling,Corporate,United States,San Jose,California,95123,North,8158,Furniture,Paper,Paper,809.14,16,0.35,218.13
4354,11/4/2017,7/21/2012,Standard Shipping,6271,Jaime Bremmell,Corporate,United States,Orange,California,92668,North,1874,Technology,Chairs,Laptop,184.24,50,0.17,344.86
1468,10/30/2019,4/27/2019,Same Day Shipping,6081,Eduard Pughsley,Home Office,United States,San Diego,California,92127,West,2735,Office Supplies,Phones,Phone,312.29,36,0.08,232.38
3160,8/25/2012,3/11/2021,Same Day Shipping,1437,Richmound Lord,Consumer,United States,Van Nuys,California,91499,South,7649,Office Supplies,Laptops,Table,978.53,55,0.19,452.32
6917,3/30/2022,7/26/2010,Standard Shipping,2408,Michell Duckworth,Home Office,United States,San Diego,California,92153,West,2298,Furniture,Paper,Chair,631.54,72,0.37,184.46
3637,5/18/2016,10/12/2012,Express Shipping,6413,Zulema Weatherhead,Corporate,United States,Corona,California,92878,West,9783,Technology,Tables,Paper,147.38,10,0.46,341.21
5294,5/31/2019,11/12/2010,Express Shipping,4924,Patsy McIlhone,Home Office,United States,San Diego,California,92191,South,5783,Office Supplies,Laptops,Laptop,10.59,24,0.38,198.03
4637,6/21/2020,3/17/2021,Same Day Shipping,7475,Tabbatha Garrioch,Corporate,United States,Whittier,California,90610,East,5995,Technology,Pens,Laptop,30.35,44,0.21,333.67
1672,3/8/2012,2/16/2016,Express Shipping,2369,Chickie Eadington,Home Office,United States,Sunnyvale,California,94089,East,9637,Furniture,Pens,Phone,391.32,30,0.19,357.79
3157,11/8/2016,3/15/2014,Standard Shipping,5005,Wylie Blow,Home Office,United States,Bakersfield,California,93305,South,3737,Office Supplies,Chairs,Laptop,83.88,1,0.03,201.85
5219,1/8/2017,7/23/2018,Same Day Shipping,2922,Kellie Antrag,Consumer,United States,Santa Ana,California,92725,North,4102,Office Supplies,Laptops,Chair,869.2,32,0.09,490.92
6009,6/13/2013,3/17/2020,Express Shipping,7023,Issi Blandford,Consumer,United States,Anaheim,California,92825,East,5134,Technology,Laptops,Table,786.56,57,0.28,488.35
8287,2/11/2020,10/26/2021,Standard Shipping,4642,Aubry Castane,Home Office,United States,San Jose,California,95113,South,1493,Furniture,Paper,Pen,283.12,94,0.04,448.05
1092,2/3/2019,2/16/2015,Standard Shipping,6308,Jolene Hankin,Consumer,United States,Bakersfield,California,93311,East,5514,Furniture,Tables,Paper,452.9,33,0.1,116.45
7305,5/6/2020,7/19/2021,Express Shipping,6538,Stacy Merredy,Consumer,United States,San Diego,California,92191,East,2929,Furniture,Pens,Paper,462.68,53,0.15,184.71
5837,1/13/2014,10/3/2017,Express Shipping,2148,Jeremiah Van den Hof,Home Office,United States,Fresno,California,93726,West,2928,Technology,Chairs,Chair,583.01,48,0.27,219.07
7705,1/12/2019,7/18/2022,Same Day Shipping,4784,Sorcha Mole,Home Office,United States,Garden Grove,California,92844,South,7351,Technology,Phones,Pen,726.59,58,0.28,130.48
6022,1/21/2020,7/26/2019,Express Shipping,6696,Sanders McKnockiter,Consumer,United States,Van Nuys,California,91499,South,9169,Furniture,Tables,Pen,549.5,87,0.15,274.88
7297,10/31/2014,3/18/2014,Same Day Shipping,5898,Eal Goundry,Corporate,United States,Pasadena,California,91131,East,8102,Office Supplies,Pens,Chair,157.12,35,0.47,497.49
1716,5/9/2012,1/4/2014,Standard Shipping,8798,Opaline Kubalek,Corporate,United States,Orange,California,92668,North,3968,Office Supplies,Pens,Paper,506.09,84,0.19,392.18
6953,5/8/2021,10/26/2019,Standard Shipping,4420,Gui Hughman,Consumer,United States,San Diego,California,92127,North,9590,Office Supplies,Laptops,Laptop,818.26,40,0.42,207.1
7908,3/23/2010,11/25/2015,Same Day Shipping,9473,Dewain Braganca,Consumer,United States,Inglewood,California,90398,West,3485,Furniture,Phones,Chair,848.36,83,0.31,489.85
7250,3/17/2013,8/22/2017,Same Day Shipping,1126,Fawne Jarrard,Corporate,United States,Sacramento,California,95818,South,7804,Furniture,Laptops,Paper,248.16,51,0.02,380.65
5343,7/18/2011,12/27/2017,Same Day Shipping,3056,Al Ralphs,Corporate,United States,San Diego,California,92165,East,5583,Office Supplies,Tables,Table,983.87,36,0.49,105.84
3672,11/3/2022,1/16/2019,Same Day Shipping,2120,Cherish Charsley,Consumer,United States,San Diego,California,92127,East,6683,Technology,Laptops,Phone,754.11,87,0.45,467.23
1544,3/31/2021,12/22/2017,Same Day Shipping,5527,Sibyl Cullabine,Consumer,United States,Sacramento,California,94207,West,6259,Furniture,Laptops,Paper,281.03,40,0.09,428.83
7552,10/29/2018,11/17/2017,Standard Shipping,6107,Evelin Harcase,Corporate,United States,Sacramento,California,94297,South,8324,Furniture,Paper,Paper,158.7,81,0.19,280.42
6436,8/12/2018,5/25/2019,Express Shipping,1112,Gardie Haggleton,Consumer,United States,Bakersfield,California,93311,South,6248,Technology,Paper,Table,930.63,74,0.14,237.69
7285,7/1/2014,1/18/2021,Standard Shipping,5692,Willyt Sinderson,Consumer,United States,Los Angeles,California,90094,West,9228,Technology,Phones,Laptop,808.99,97,0.06,261.45
6079,7/23/2015,7/15/2022,Express Shipping,7721,Odo Ingman,Consumer,United States,San Jose,California,95138,South,2167,Office Supplies,Pens,Chair,137.4,62,0.24,163.11
7552,2/13/2016,12/22/2018,Express Shipping,5108,Xenos Poultney,Home Office,United States,Chico,California,95973,South,8992,Office Supplies,Chairs,Paper,13.0,7,0.22,472.04
8974,4/15/2021,3/23/2014,Same Day Shipping,9540,Edna Filchagin,Consumer,United States,San Francisco,California,94159,South,8757,Technology,Tables,Paper,194.21,13,0.05,312.9
5737,10/16/2013,7/5/2011,Same Day Shipping,7601,Taddeusz Richarz,Consumer,United States,San Francisco,California,94154,East,4980,Office Supplies,Phones,Chair,704.46,54,0.29,225.58
4516,8/10/2013,12/28/2016,Express Shipping,5230,Marya McKimm,Corporate,United States,Chico,California,95973,West,8003,Office Supplies,Laptops,Chair,266.19,71,0.36,330.74
5070,11/30/2021,3/3/2013,Same Day Shipping,4957,Woodman Hannum,Home Office,United States,Sacramento,California,94263,East,8148,Technology,Paper,Table,926.1,94,0.33,165.0
1319,11/25/2019,3/5/2021,Same Day Shipping,5936,Ellette Smallpeice,Consumer,United States,Los Angeles,California,90055,East,5604,Technology,Chairs,Table,913.6,88,0.07,497.55
2032,2/6/2011,11/13/2017,Express Shipping,4773,Sephira Pezey,Corporate,United States,Sacramento,California,94250,East,3691,Furniture,Pens,Laptop,319.58,91,0.31,379.93
1488,5/23/2014,8/5/2011,Same Day Shipping,3796,Gabe Pitts,Consumer,United States,San Jose,California,95194,South,9738,Furniture,Pens,Chair,547.13,91,0.14,467.6
2546,2/4/2012,5/18/2021,Same Day Shipping,4716,Margaret Callacher,Consumer,United States,Huntington Beach,California,92648,East,9961,Technology,Phones,Table,491.84,66,0.37,387.71
1045,10/18/2011,1/18/2016,Same Day Shipping,1822,Coralie Whooley,Consumer,United States,Richmond,California,94807,East,2892,Furniture,Paper,Pen,150.83,15,0.26,248.74
7473,3/5/2010,10/7/2011,Express Shipping,9258,Deena Venny,Corporate,United States,Garden Grove,California,92645,South,8484,Furniture,Tables,Chair,881.37,98,0.05,447.05
5101,9/5/2013,12/9/2015,Standard Shipping,2994,Ruperto Nertney,Consumer,United States,San Jose,California,95194,West,9815,Office Supplies,Chairs,Chair,68.95,61,0.38,390.41
6974,8/15/2012,4/28/2022,Standard Shipping,7830,Wilt Ahrend,Consumer,United States,San Francisco,California,94110,South,8043,Furniture,Pens,Phone,799.44,40,0.05,162.08
6571,12/14/2011,11/23/2021,Same Day Shipping,8099,Emmie Rispen,Consumer,United States,Whittier,California,90605,West,6199,Office Supplies,Paper,Pen,886.86,65,0.07,113.13
4750,3/25/2019,10/1/2014,Express Shipping,3889,Ransell Prantl,Home Office,United States,Los Angeles,California,90010,South,3632,Furniture,Laptops,Laptop,971.62,64,0.47,241.89
6725,4/15/2020,10/20/2020,Same Day Shipping,9300,Enrico Netley,Corporate,United States,San Jose,California,95194,North,4714,Technology,Tables,Table,948.08,77,0.44,478.16
5524,6/30/2022,3/28/2019,Same Day Shipping,9694,Hali Gwilliams,Corporate,United States,Corona,California,92878,West,6405,Office Supplies,Paper,Paper,114.45,24,0.43,372.14
3215,9/1/2010,11/28/2018,Express Shipping,1263,Ker Voysey,Consumer,United States,Salinas,California,93907,North,2149,Technology,Chairs,Pen,289.81,21,0.25,141.13
9603,3/3/2019,1/23/2014,Same Day Shipping,6965,Allard Shacklady,Consumer,United States,Long Beach,California,90831,South,7279,Technology,Laptops,Laptop,160.54,94,0.15,217.82
8238,11/1/2019,9/12/2016,Same Day Shipping,1451,Tate Le Barr,Consumer,United States,San Rafael,California,94913,North,9721,Furniture,Laptops,Pen,289.04,73,0.03,350.58
9764,12/4/2016,6/15/2013,Express Shipping,6775,Padget Blowin,Home Office,United States,Los Angeles,California,90010,West,2297,Technology,Phones,Phone,37.95,21,0.31,173.0
3112,6/8/2010,10/25/2018,Standard Shipping,4569,Keane Sighard,Corporate,United States,Los Angeles,California,90045,East,5375,Office Supplies,Chairs,Pen,577.98,37,0.37,162.47
5283,6/19/2010,7/19/2015,Express Shipping,9623,Lesly Soule,Consumer,United States,Sacramento,California,94250,West,7368,Technology,Phones,Chair,560.66,67,0.35,254.88
1607,9/18/2021,3/5/2016,Standard Shipping,4530,Sloane Fotitt,Consumer,United States,Whittier,California,90610,East,7772,Furniture,Pens,Chair,962.52,72,0.25,327.59
5379,1/9/2015,12/14/2011,Same Day Shipping,8457,Sarita Polglaze,Corporate,United States,San Bernardino,California,92415,South,2967,Technology,Chairs,Chair,828.76,47,0.33,474.72
2828,8/23/2019,11/10/2011,Express Shipping,7227,Bessy Tulk,Corporate,United States,Salinas,California,93907,South,7148,Technology,Phones,Chair,499.61,1,0.05,330.94
6942,8/5/2012,6/16/2021,Same Day Shipping,9281,Zebedee Plumley,Corporate,United States,Sacramento,California,95852,West,4875,Office Supplies,Tables,Pen,549.29,99,0.44,197.95
8158,7/25/2017,9/11/2011,Express Shipping,5949,Marsiella Storrier,Corporate,United States,San Diego,California,92105,East,5527,Technology,Paper,Chair,176.39,86,0.2,324.28
6180,12/12/2011,5/31/2019,Standard Shipping,4774,Caprice Bather,Consumer,United States,Fresno,California,93726,South,2409,Office Supplies,Paper,Phone,883.31,74,0.15,123.16
3671,12/29/2020,9/1/2018,Express Shipping,7809,Abra Meader,Consumer,United States,Sacramento,California,95894,East,9753,Office Supplies,Paper,Paper,471.2,98,0.24,294.26
7452,5/27/2019,4/29/2020,Standard Shipping,6657,Bernadette Lithgow,Corporate,United States,Sunnyvale,California,94089,South,4254,Furniture,Pens,Table,115.14,31,0.16,396.23
1289,5/17/2011,3/6/2013,Same Day Shipping,5960,Feliks Cobbe,Consumer,United States,Garden Grove,California,92844,North,2162,Technology,Phones,Laptop,736.15,63,0.22,377.95
3275,1/2/2018,1/28/2014,Standard Shipping,7484,Birk Crielly,Home Office,United States,Stockton,California,95210,West,9714,Office Supplies,Laptops,Paper,87.15,64,0.25,337.29
5963,9/28/2016,4/25/2011,Standard Shipping,6400,Venita Lafranconi,Corporate,United States,San Francisco,California,94154,East,8054,Office Supplies,Tables,Pen,873.84,18,0.2,358.3
4165,1/15/2015,12/5/2017,Same Day Shipping,3243,Mady Lardnar,Home Office,United States,San Diego,California,92132,East,3150,Office Supplies,Tables,Laptop,905.92,18,0.32,135.01
7945,11/3/2013,10/19/2017,Same Day Shipping,5995,Dacy Sedwick,Home Office,United States,Los Angeles,California,90071,North,9468,Office Supplies,Pens,Pen,963.83,8,0.28,285.78
3051,6/2/2013,10/18/2016,Express Shipping,9293,Arnold Bearward,Corporate,United States,San Jose,California,95123,South,6427,Technology,Tables,Pen,732.28,4,0.1,353.78
4240,1/27/2014,7/1/2018,Same Day Shipping,7162,Calida Bartot,Home Office,United States,Los Angeles,California,90045,West,1074,Technology,Paper,Pen,399.89,40,0.12,185.57
6724,11/20/2012,7/17/2020,Same Day Shipping,2207,Ardella Brumen,Corporate,United States,San Jose,California,95113,East,5932,Furniture,Laptops,Laptop,652.51,32,0.04,350.23
3832,2/26/2011,10/18/2015,Express Shipping,2641,Chuck Keeble,Consumer,United States,Burbank,California,91505,West,7158,Furniture,Pens,Phone,614.11,7,0.14,144.36
4232,9/22/2016,8/23/2012,Standard Shipping,5841,Georgetta McArt,Corporate,United States,Long Beach,California,90831,North,6825,Office Supplies,Tables,Laptop,861.48,12,0.26,216.01
9532,5/19/2016,8/21/2017,Express Shipping,7058,Noak Ranvoise,Home Office,United States,Inglewood,California,90305,South,4561,Furniture,Tables,Paper,197.66,87,0.22,417.84
2907,3/21/2022,8/3/2021,Express Shipping,3604,Jo-anne Jouanot,Consumer,United States,San Jose,California,95160,South,1937,Technology,Laptops,Phone,408.28,48,0.15,484.09
3341,1/22/2015,9/23/2013,Standard Shipping,3479,Stavros Whittuck,Corporate,United States,San Diego,California,92127,East,8213,Office Supplies,Pens,Table,701.0,49,0.19,162.33
9901,4/14/2021,5/6/2012,Express Shipping,5107,Ulrikaumeko Roder,Corporate,United States,Van Nuys,California,91499,North,6700,Technology,Pens,Table,825.34,39,0.4,449.52
6846,8/6/2010,3/30/2012,Standard Shipping,3303,Goldie Yerill,Corporate,United States,Van Nuys,California,91406,North,3800,Furniture,Laptops,Chair,454.31,11,0.49,471.99
5713,8/1/2013,7/28/2022,Same Day Shipping,5904,Janek Venners,Corporate,United States,San Diego,California,92153,North,9600,Office Supplies,Chairs,Phone,679.18,74,0.02,382.93
7022,6/13/2020,3/24/2020,Same Day Shipping,7372,Dana Rookledge,Consumer,United States,San Jose,California,95108,North,9011,Furniture,Laptops,Paper,574.31,79,0.31,295.89
8468,3/6/2010,10/9/2018,Standard Shipping,9036,Estella Ferier,Consumer,United States,Sacramento,California,94297,West,9617,Technology,Tables,Pen,445.41,72,0.31,452.61
5444,3/11/2012,4/5/2018,Same Day Shipping,7894,Jillene Stainsby,Home Office,United States,Inglewood,California,90305,East,7475,Office Supplies,Pens,Laptop,92.5,7,0.02,142.82
7337,9/26/2014,9/17/2012,Same Day Shipping,6549,Margery Kennerley,Consumer,United States,San Diego,California,92191,East,6228,Technology,Chairs,Pen,201.36,74,0.22,132.27
4292,4/28/2012,5/28/2010,Express Shipping,7597,Lovell Carbonell,Home Office,United States,Oceanside,California,92056,East,2399,Technology,Paper,Chair,292.2,84,0.04,463.17
9495,8/26/2016,6/18/2013,Same Day Shipping,5203,Rowen Geikie,Corporate,United States,Burbank,California,91505,West,7260,Technology,Paper,Table,142.74,45,0.23,137.1
6439,7/5/2012,5/11/2022,Same Day Shipping,8709,Kimberlee Keep,Consumer,United States,Los Angeles,California,90010,South,2492,Furniture,Laptops,Phone,187.61,73,0.39,433.31
2710,10/17/2013,3/1/2010,Standard Shipping,6113,Gratiana Williams,Home Office,United States,Irvine,California,92619,North,4369,Technology,Tables,Chair,173.15,60,0.25,314.69
7141,4/15/2021,2/17/2019,Same Day Shipping,7478,Nikolaus Braney,Home Office,United States,Oakland,California,94611,West,7393,Technology,Phones,Paper,835.96,27,0.26,345.36
9703,6/17/2014,8/5/2017,Express Shipping,3197,Darbee Tettley,Home Office,United States,Pasadena,California,91199,West,7300,Furniture,Pens,Pen,534.65,55,0.39,341.91
8162,11/13/2010,6/25/2013,Same Day Shipping,7234,Karie Kleinplac,Home Office,United States,Los Angeles,California,90045,East,4657,Office Supplies,Laptops,Table,878.66,1,0.14,348.68
9371,4/16/2016,1/23/2021,Same Day Shipping,8612,Wolfie Sturge,Consumer,United States,Whittier,California,90605,West,9750,Furniture,Phones,Paper,908.96,16,0.45,385.17
2538,6/10/2022,7/14/2017,Same Day Shipping,9601,Elsy Vyel,Consumer,United States,Glendale,California,91210,North,5603,Office Supplies,Pens,Phone,444.19,6,0.24,244.28
6257,7/14/2017,1/1/2015,Same Day Shipping,8749,Maddie Hehl,Corporate,United States,Santa Cruz,California,95064,East,9820,Furniture,Pens,Pen,586.43,16,0.14,392.67
4103,1/15/2015,10/22/2017,Standard Shipping,5677,Uta Kinder,Corporate,United States,Los Angeles,California,90094,West,5698,Office Supplies,Tables,Laptop,763.86,30,0.32,375.57
1005,6/23/2011,6/29/2019,Same Day Shipping,1851,Aila Iacovo,Consumer,United States,San Rafael,California,94913,South,2665,Furniture,Paper,Table,512.79,95,0.4,309.63
5775,4/22/2022,11/8/2013,Same Day Shipping,8143,Shep McKeeman,Corporate,United States,Salinas,California,93907,East,3173,Office Supplies,Paper,Table,443.91,37,0.38,139.02
4540,8/28/2018,6/7/2021,Express Shipping,7898,Josee Golborn,Corporate,United States,Fresno,California,93762,North,1749,Technology,Pens,Table,62.99,72,0.11,489.33
4437,1/8/2019,2/22/2010,Standard Shipping,1412,Phaedra Pettingall,Home Office,United States,Long Beach,California,90805,South,9436,Technology,Laptops,Pen,300.15,79,0.24,174.23
8442,6/15/2020,12/31/2017,Express Shipping,4335,Irvine Maasz,Home Office,United States,Sacramento,California,95818,West,3827,Furniture,Tables,Paper,749.88,74,0.22,271.81
8505,5/9/2020,7/4/2019,Express Shipping,1808,Conan Greenland,Corporate,United States,San Jose,California,95138,South,4253,Office Supplies,Chairs,Pen,786.99,22,0.12,337.64
7884,9/28/2018,10/14/2010,Standard Shipping,8373,Caz Scrammage,Corporate,United States,Garden Grove,California,92645,East,4870,Furniture,Paper,Pen,803.46,12,0.38,139.74
6199,8/21/2012,7/25/2011,Standard Shipping,2639,Ceciley Robertshaw,Consumer,United States,Pasadena,California,91103,West,8115,Office Supplies,Tables,Paper,537.67,88,0.41,472.55
1865,2/2/2012,5/13/2021,Standard Shipping,1265,Uriel Bodicam,Corporate,United States,Sunnyvale,California,94089,East,8433,Technology,Chairs,Table,438.58,2,0.24,408.81
2638,5/7/2018,4/30/2015,Express Shipping,9816,Jermaine Collum,Corporate,United States,Long Beach,California,90805,North,3330,Furniture,Pens,Phone,413.15,24,0.23,222.1
3994,3/17/2011,7/5/2015,Express Shipping,2259,Austina Anan,Consumer,United States,Richmond,California,94807,West,7163,Office Supplies,Laptops,Chair,669.41,58,0.2,356.08
3784,9/5/2018,11/1/2014,Express Shipping,5312,Humfried Silverston,Home Office,United States,San Diego,California,92105,West,7051,Office Supplies,Paper,Phone,585.9,95,0.25,435.82
3310,2/22/2010,6/20/2011,Express Shipping,7094,Tore Tenney,Consumer,United States,Sacramento,California,94297,South,7571,Furniture,Pens,Table,180.42,50,0.35,163.9
3100,9/18/2021,7/11/2011,Express Shipping,3183,Leandra Dimock,Consumer,United States,San Francisco,California,94121,West,7731,Technology,Pens,Laptop,170.75,28,0.15,210.46
2160,6/16/2010,10/29/2010,Standard Shipping,1860,Nil Wittey,Consumer,United States,Anaheim,California,92825,North,9527,Office Supplies,Chairs,Phone,333.44,39,0.44,387.47
1265,5/13/2021,12/22/2015,Standard Shipping,3775,Klemens Stothert,Home Office,United States,San Diego,California,92132,West,5007,Furniture,Tables,Chair,386.22,92,0.01,253.88
1309,7/2/2020,5/26/2021,Standard Shipping,5292,Sadye Pickston,Home Office,United States,Inglewood,California,90398,East,7803,Technology,Phones,Pen,46.82,27,0.17,113.39
7248,2/17/2015,6/24/2012,Standard Shipping,1934,Rickard MacParlan,Home Office,United States,Inglewood,California,90398,North,5786,Technology,Chairs,Table,669.81,50,0.31,346.65
1436,6/18/2017,5/8/2011,Standard Shipping,9147,Daryle Adolfson,Corporate,United States,Burbank,California,91505,West,2537,Office Supplies,Tables,Paper,788.47,99,0.18,476.27
3631,4/6/2010,7/14/2010,Express Shipping,5820,Gilda Inge,Corporate,United States,San Francisco,California,94154,West,9364,Technology,Pens,Pen,803.77,58,0.32,395.88
4839,1/14/2018,11/21/2021,Same Day Shipping,8458,Celestine Stood,Corporate,United States,Fresno,California,93726,East,9956,Office Supplies,Chairs,Pen,602.36,65,0.27,370.03
7265,1/5/2017,4/5/2012,Same Day Shipping,6777,Emilie Wehden,Corporate,United States,Inglewood,California,90305,West,9934,Office Supplies,Paper,Phone,119.96,20,0.28,482.22
6233,12/9/2014,3/28/2020,Same Day Shipping,1289,Kristopher Cusiter,Corporate,United States,Whittier,California,90610,South,1710,Office Supplies,Pens,Pen,11.28,98,0.11,166.99
1375,1/4/2018,9/15/2018,Same Day Shipping,2632,Gardie Ferrone,Home Office,United States,Richmond,California,94807,South,6591,Furniture,Laptops,Phone,631.13,18,0.14,109.79
8477,5/1/2010,5/20/2010,Express Shipping,9447,Torey Milesap,Corporate,United States,San Jose,California,95108,West,4032,Office Supplies,Chairs,Pen,403.09,36,0.31,273.72
1671,6/3/2014,8/24/2011,Standard Shipping,6441,Chelsea Busst,Consumer,United States,Pasadena,California,91186,East,5476,Furniture,Tables,Table,806.36,8,0.12,462.15
1354,7/12/2018,11/23/2022,Same Day Shipping,2279,Ulrica Duesberry,Home Office,United States,San Diego,California,92153,East,5724,Technology,Paper,Paper,450.24,14,0.05,490.13
6850,3/22/2011,12/20/2022,Same Day Shipping,4447,Amory Keenlyside,Consumer,United States,Sunnyvale,California,94089,North,7404,Office Supplies,Phones,Chair,754.11,22,0.42,416.65
3201,4/15/2015,12/23/2015,Express Shipping,1210,Jarred Cobbledick,Consumer,United States,Sacramento,California,94263,West,5026,Technology,Paper,Chair,484.31,70,0.42,186.4
4700,11/26/2014,11/12/2013,Express Shipping,6317,Hope Eckly,Corporate,United States,Lancaster,California,93584,West,2079,Technology,Paper,Phone,1.01,86,0.48,435.48
7032,5/31/2012,1/10/2017,Standard Shipping,4636,Boothe Cuppleditch,Home Office,United States,Newport Beach,California,92662,North,5023,Technology,Tables,Table,726.79,86,0.4,243.1
5233,8/27/2017,9/7/2013,Standard Shipping,1628,Konrad Enrigo,Corporate,United States,Pasadena,California,91186,South,4743,Furniture,Phones,Phone,583.45,96,0.44,493.58
9232,11/27/2012,1/29/2016,Express Shipping,9319,Charmian Carrane,Home Office,United States,Fresno,California,93715,West,5165,Office Supplies,Chairs,Phone,261.74,69,0.01,128.1
3222,11/27/2012,11/5/2014,Standard Shipping,4969,Liuka Glashby,Home Office,United States,Los Angeles,California,90189,East,5981,Office Supplies,Tables,Chair,214.52,25,0.23,163.52
9452,6/16/2015,7/29/2021,Express Shipping,7165,Akim Beushaw,Home Office,United States,Corona,California,92878,North,5729,Technology,Paper,Paper,203.91,94,0.09,131.12
8303,4/26/2013,12/4/2010,Same Day Shipping,4722,Eric Feldman,Consumer,United States,Santa Ana,California,92725,West,5917,Technology,Laptops,Chair,604.6,18,0.04,333.72
9790,10/24/2015,7/9/2016,Standard Shipping,7458,Gorden Hamber,Consumer,United States,San Jose,California,95108,North,4304,Office Supplies,Chairs,Laptop,617.79,74,0.07,170.16
4630,1/26/2018,2/1/2020,Express Shipping,9877,Gaby Kynd,Consumer,United States,Newport Beach,California,92662,South,6570,Furniture,Laptops,Paper,946.43,74,0.39,298.41
2613,7/6/2012,3/30/2016,Express Shipping,7087,Bren Perocci,Home Office,United States,Sacramento,California,94237,South,4344,Technology,Tables,Laptop,746.0,40,0.14,457.75
1979,5/25/2014,4/30/2016,Standard Shipping,5301,Sofie Blabber,Home Office,United States,Fresno,California,93704,West,5828,Office Supplies,Tables,Laptop,86.38,6,0.48,255.24
7981,3/15/2017,3/27/2012,Express Shipping,3709,Kaine Cockayne,Corporate,United States,Los Angeles,California,90189,East,7912,Office Supplies,Chairs,Laptop,69.33,66,0.36,329.82
6210,5/9/2017,9/30/2021,Standard Shipping,3180,Gallagher Switsur,Corporate,United States,Los Angeles,California,90010,North,8238,Technology,Laptops,Table,842.52,86,0.18,132.58
3279,5/26/2014,4/6/2012,Express Shipping,5678,Tine Reolfo,Consumer,United States,Pasadena,California,91186,North,7502,Technology,Laptops,Chair,857.95,52,0.17,341.1
3494,10/3/2017,4/1/2014,Express Shipping,3402,Fredek Beckers,Consumer,United States,Oceanside,California,92056,East,3498,Office Supplies,Laptops,Laptop,299.64,70,0.26,356.11
1614,11/16/2016,9/10/2020,Express Shipping,4646,Emeline Briztman,Consumer,United States,Anaheim,California,92825,East,3461,Furniture,Tables,Chair,576.25,7,0.08,495.14
3943,2/8/2012,10/23/2010,Standard Shipping,5741,Francois Dalliwatr,Consumer,United States,Sacramento,California,94207,North,2379,Technology,Laptops,Phone,891.08,36,0.11,194.7
3914,8/5/2011,7/30/2011,Standard Shipping,6657,Granville Lockhurst,Consumer,United States,Chico,California,95973,North,7139,Technology,Pens,Pen,429.42,69,0.34,261.83
5019,9/19/2019,6/17/2010,Same Day Shipping,1659,Lil Longmuir,Corporate,United States,San Diego,California,92110,East,5903,Technology,Pens,Laptop,224.47,56,0.34,172.82
1792,8/17/2013,8/22/2022,Express Shipping,5155,Lev Swains,Consumer,United States,Oceanside,California,92056,North,6974,Technology,Laptops,Chair,100.85,40,0.46,266.84
8669,12/17/2011,9/23/2014,Same Day Shipping,6321,Gordan Holbury,Corporate,United States,Sacramento,California,94273,East,7789,Office Supplies,Chairs,Paper,990.66,39,0.12,278.08
3703,12/12/2015,2/13/2012,Same Day Shipping,1829,Tedmund Stappard,Consumer,United States,San Jose,California,95138,South,1425,Office Supplies,Tables,Laptop,805.48,25,0.04,269.61
2049,5/6/2014,1/1/2017,Standard Shipping,7347,Therese Dunsmuir,Corporate,United States,Long Beach,California,90831,West,7784,Furniture,Pens,Phone,600.1,74,0.42,164.87
7071,5/3/2011,6/20/2015,Express Shipping,6680,Diannne Ambrosetti,Corporate,United States,Huntington Beach,California,92648,West,7342,Technology,Chairs,Pen,798.53,67,0.33,340.03
5418,8/20/2015,3/27/2021,Same Day Shipping,9637,Armstrong Ogilvy,Corporate,United States,San Jose,California,95194,North,8763,Furniture,Tables,Table,370.51,27,0.11,427.04
1878,11/22/2010,6/26/2011,Standard Shipping,9388,Rubina Kiddy,Consumer,United States,Oceanside,California,92056,West,3617,Office Supplies,Paper,Paper,489.91,63,0.04,267.37
4147,10/11/2020,6/30/2014,Same Day Shipping,6151,Madeleine Surguine,Home Office,United States,Sacramento,California,94291,West,7555,Office Supplies,Paper,Chair,353.12,62,0.35,224.98
9614,8/7/2022,11/18/2010,Express Shipping,3274,Finn Pennaman,Corporate,United States,San Diego,California,92176,South,3262,Technology,Phones,Table,513.07,74,0.3,459.02
5048,7/13/2010,4/28/2017,Express Shipping,8780,Mar Lapslie,Consumer,United States,Pasadena,California,91186,South,9657,Office Supplies,Paper,Pen,50.37,88,0.39,484.42
5746,8/5/2013,1/16/2020,Express Shipping,3115,Nikolos Brou,Consumer,United States,Long Beach,California,90805,West,9443,Furniture,Phones,Pen,149.12,78,0.19,477.25
3648,11/27/2016,5/20/2013,Express Shipping,2210,Manda Tomaini,Consumer,United States,Torrance,California,90505,South,9917,Furniture,Paper,Table,170.38,14,0.32,271.67
8277,10/3/2010,6/18/2013,Same Day Shipping,2784,Hobie Kealy,Consumer,United States,Sunnyvale,California,94089,West,3314,Furniture,Paper,Paper,839.64,85,0.39,221.33
8698,11/23/2014,5/15/2010,Express Shipping,6232,Karlens Milmo,Consumer,United States,Carlsbad,California,92013,South,9203,Furniture,Paper,Pen,120.01,14,0.37,163.24
9178,9/29/2013,4/9/2022,Express Shipping,3675,Demetre McCroary,Consumer,United States,Los Angeles,California,90045,East,4619,Office Supplies,Tables,Chair,754.4,18,0.37,293.14
5217,12/26/2016,3/29/2010,Standard Shipping,6733,Claretta Ashwell,Home Office,United States,Fresno,California,93715,East,1778,Technology,Pens,Table,530.88,52,0.27,190.82
1118,5/24/2011,10/14/2015,Standard Shipping,5181,Paola Ware,Home Office,United States,Long Beach,California,90831,South,1781,Technology,Chairs,Table,281.91,16,0.28,423.43
7289,6/6/2014,6/30/2014,Standard Shipping,8662,Culver Tolefree,Home Office,United States,San Diego,California,92110,East,8007,Technology,Laptops,Pen,412.04,26,0.44,103.94
3025,5/28/2014,8/21/2017,Same Day Shipping,4986,Montgomery Cron,Home Office,United States,San Francisco,California,94154,West,2134,Technology,Chairs,Paper,458.65,12,0.28,414.24
8855,7/10/2012,4/13/2012,Same Day Shipping,5652,Blaire Whiteley,Corporate,United States,Los Angeles,California,90055,North,6351,Furniture,Laptops,Table,782.99,89,0.49,238.31
9971,9/21/2013,11/12/2018,Express Shipping,6557,Renato Roocroft,Home Office,United States,Glendale,California,91210,East,8548,Office Supplies,Phones,Phone,434.32,2,0.26,346.21
4178,10/23/2017,8/17/2020,Same Day Shipping,2549,Tadio O'Rodane,Home Office,United States,Fresno,California,93715,South,6791,Office Supplies,Tables,Laptop,437.65,28,0.43,416.94
8555,3/4/2022,1/20/2013,Same Day Shipping,5158,Gibby Duxbarry,Corporate,United States,Oceanside,California,92056,North,5479,Office Supplies,Pens,Table,655.08,100,0.29,330.25
3380,4/9/2012,12/23/2010,Same Day Shipping,1184,Lemuel Gheerhaert,Home Office,United States,Newport Beach,California,92662,North,8566,Furniture,Tables,Pen,686.2,28,0.13,128.19
1437,5/1/2018,4/26/2020,Standard Shipping,4815,Fifine Mercy,Consumer,United States,Salinas,California,93907,South,3998,Furniture,Chairs,Paper,888.98,48,0.06,107.05
6591,4/23/2022,12/21/2014,Express Shipping,8861,Chance Tilly,Corporate,United States,Alhambra,California,91841,North,3066,Furniture,Paper,Chair,275.64,57,0.49,301.2
4004,12/31/2021,11/25/2022,Same Day Shipping,3549,Morey Saintpierre,Corporate,United States,Santa Monica,California,90410,North,7970,Technology,Phones,Chair,300.95,24,0.18,212.22
9040,2/21/2014,3/29/2013,Express Shipping,7313,Ronald De Biasio,Corporate,United States,Corona,California,92878,West,6789,Office Supplies,Paper,Table,797.48,84,0.39,256.34
4607,7/15/2018,6/5/2011,Same Day Shipping,4124,Malissa Bolus,Corporate,United States,San Francisco,California,94121,North,9770,Technology,Laptops,Laptop,652.64,44,0.19,220.93
6423,7/22/2018,1/25/2013,Same Day Shipping,4072,Katharine Sharrocks,Corporate,United States,Newport Beach,California,92662,East,4574,Office Supplies,Laptops,Chair,615.38,14,0.38,242.25
2683,11/7/2021,10/28/2014,Express Shipping,8032,Edita Absolom,Corporate,United States,Sacramento,California,94273,South,9739,Furniture,Paper,Pen,264.52,73,0.32,210.67
8225,1/10/2021,9/7/2020,Standard Shipping,5105,Bethina Pentecost,Corporate,United States,Mountain View,California,94042,West,3651,Technology,Chairs,Paper,407.72,3,0.05,495.16
4280,6/1/2019,11/5/2011,Express Shipping,7995,Giulia Dobbins,Consumer,United States,Stockton,California,95210,South,8989,Office Supplies,Paper,Paper,88.12,43,0.2,363.78
1944,5/24/2012,5/10/2016,Standard Shipping,8800,Sarajane Garret,Consumer,United States,San Diego,California,92105,South,8678,Furniture,Phones,Chair,525.09,29,0.14,215.41
5555,7/6/2015,11/22/2014,Same Day Shipping,9075,Josiah Vanyutin,Consumer,United States,Stockton,California,95205,West,5536,Office Supplies,Chairs,Chair,79.51,54,0.46,435.41
7080,11/11/2019,3/12/2021,Standard Shipping,2066,Georgie Bines,Corporate,United States,San Francisco,California,94154,North,1735,Office Supplies,Chairs,Laptop,649.18,98,0.21,141.6
8471,1/12/2012,7/29/2010,Express Shipping,1551,Dov Crangle,Consumer,United States,Los Angeles,California,90030,North,8821,Office Supplies,Laptops,Paper,924.05,63,0.18,311.6
2116,3/14/2014,9/30/2019,Standard Shipping,8381,Jacquetta Luther,Corporate,United States,San Francisco,California,94159,South,9150,Furniture,Pens,Chair,339.68,19,0.29,426.58
4602,7/9/2016,6/13/2014,Express Shipping,2220,Alec Livingstone,Consumer,United States,Chico,California,95973,North,8368,Furniture,Tables,Pen,746.7,27,0.35,345.58
4142,7/4/2021,5/10/2015,Same Day Shipping,4477,Aube Brok,Consumer,United States,Oakland,California,94622,West,8350,Furniture,Tables,Chair,466.03,61,0.39,208.46
5506,10/8/2015,4/19/2012,Express Shipping,8408,Nickie Dyka,Consumer,United States,Van Nuys,California,91406,West,2216,Technology,Paper,Phone,197.33,31,0.0,308.03
7496,12/26/2014,3/27/2012,Same Day Shipping,9635,Merell Neachell,Consumer,United States,San Diego,California,92127,North,8201,Technology,Chairs,Phone,971.82,29,0.2,283.69
1406,3/3/2018,11/8/2017,Standard Shipping,7523,Meredithe Sitford,Corporate,United States,Los Angeles,California,90094,West,8716,Office Supplies,Tables,Paper,271.39,80,0.21,362.23
4718,5/14/2018,12/5/2018,Same Day Shipping,1001,Tailor Wyness,Corporate,United States,San Diego,California,92132,East,8712,Furniture,Chairs,Paper,622.02,50,0.2,491.76
8373,3/13/2015,9/14/2021,Express Shipping,6977,Michele Cordeau],Home Office,United States,Chico,California,95973,West,2058,Furniture,Laptops,Pen,899.48,20,0.3,383.13
8185,8/28/2014,8/8/2019,Express Shipping,8324,Joby Bartel,Consumer,United States,Oceanside,California,92056,South,8449,Furniture,Pens,Paper,514.16,58,0.5,212.1
3343,7/14/2019,2/8/2022,Same Day Shipping,6503,Leanna Dessent,Home Office,United States,San Diego,California,92105,East,8904,Office Supplies,Phones,Chair,361.11,87,0.1,314.96
1160,5/30/2011,12/1/2014,Express Shipping,2667,Dorelle Sebright,Home Office,United States,Burbank,California,91505,East,5471,Office Supplies,Paper,Table,45.56,89,0.47,213.55
6097,7/2/2016,6/1/2015,Same Day Shipping,5899,Honey Doe,Corporate,United States,Simi Valley,California,93094,North,4612,Office Supplies,Chairs,Pen,599.1,57,0.27,332.07
4848,1/13/2019,2/18/2012,Same Day Shipping,4917,Karine Caress,Home Office,United States,Oceanside,California,92056,North,9036,Office Supplies,Tables,Laptop,218.07,15,0.06,375.19
5436,6/20/2017,6/1/2019,Express Shipping,3485,Dayle Kirtland,Home Office,United States,Los Angeles,California,90071,West,5170,Office Supplies,Laptops,Table,726.86,55,0.29,205.73
7631,7/2/2015,3/2/2015,Standard Shipping,7342,Tracee Cormode,Corporate,United States,Sacramento,California,94291,East,8857,Furniture,Tables,Paper,994.76,42,0.31,141.04
8498,2/22/2017,11/7/2016,Standard Shipping,4372,Husein Cawley,Home Office,United States,Sacramento,California,95813,West,2092,Furniture,Pens,Chair,719.49,16,0.12,401.48
4514,3/9/2021,10/28/2022,Standard Shipping,6143,Dannie Tethcote,Consumer,United States,Glendale,California,91210,East,9665,Furniture,Paper,Paper,113.88,96,0.07,313.44
1135,12/23/2015,11/12/2022,Standard Shipping,9375,Debera Ellard,Consumer,United States,Santa Ana,California,92725,East,9747,Technology,Chairs,Table,998.66,5,0.11,416.67
6638,7/31/2021,7/6/2016,Express Shipping,2153,Sue Rowena,Corporate,United States,Huntington Beach,California,92648,South,5674,Office Supplies,Laptops,Phone,930.93,55,0.41,215.72
7336,12/16/2011,12/14/2010,Same Day Shipping,4465,Suki Haysman,Corporate,United States,Los Angeles,California,90071,South,6010,Office Supplies,Pens,Table,488.82,27,0.43,404.44
2495,3/13/2014,11/16/2014,Standard Shipping,2655,Tadeo Rickwood,Corporate,United States,Pasadena,California,91131,South,8968,Furniture,Paper,Pen,461.91,44,0.04,167.59
2343,6/29/2022,8/20/2018,Standard Shipping,4637,Kelbee Dotterill,Consumer,United States,Sacramento,California,94297,East,5693,Technology,Phones,Phone,393.63,99,0.0,432.94
4068,10/2/2021,12/4/2010,Same Day Shipping,7911,Noella Shurey,Home Office,United States,Sacramento,California,94237,East,9539,Technology,Phones,Laptop,735.77,65,0.03,427.85
6779,2/24/2021,2/14/2017,Express Shipping,3182,Fidelia Belsher,Home Office,United States,San Francisco,California,94110,West,7360,Office Supplies,Tables,Pen,357.01,29,0.36,146.49
6226,5/1/2013,10/31/2014,Standard Shipping,7531,Josy Elsey,Consumer,United States,San Jose,California,95138,West,7867,Furniture,Phones,Laptop,697.97,87,0.45,388.59
7055,5/13/2011,10/2/2016,Standard Shipping,5278,Mellisent Vanyakin,Consumer,United States,Santa Monica,California,90410,West,2970,Office Supplies,Chairs,Phone,239.93,38,0.11,200.57
7231,1/2/2017,9/8/2013,Same Day Shipping,5281,Reynolds Thresh,Consumer,United States,Chico,California,95973,West,1887,Technology,Phones,Pen,34.29,29,0.18,432.11
5821,7/20/2014,5/25/2011,Same Day Shipping,9261,Finley Lorenzo,Corporate,United States,San Jose,California,95128,West,3659,Technology,Laptops,Paper,131.04,94,0.01,313.35
2444,11/25/2017,11/28/2019,Express Shipping,6075,Burk Hopfer,Consumer,United States,San Francisco,California,94121,East,8556,Office Supplies,Phones,Chair,285.45,4,0.27,177.18
2429,7/10/2014,4/10/2016,Express Shipping,9781,Lorelei Crab,Corporate,United States,Petaluma,California,94975,North,5062,Furniture,Pens,Phone,879.99,44,0.0,131.54
8618,11/28/2014,6/1/2017,Express Shipping,6883,Elvina Peppard,Corporate,United States,San Jose,California,95108,South,5509,Technology,Chairs,Table,358.32,20,0.15,390.37
7477,2/16/2012,9/30/2011,Express Shipping,3523,Roi Doneld,Corporate,United States,Sacramento,California,94207,North,8482,Furniture,Laptops,Chair,970.84,7,0.45,409.91
8947,11/1/2017,2/15/2019,Standard Shipping,2394,Virgilio Kleuer,Home Office,United States,Van Nuys,California,91499,East,9726,Office Supplies,Tables,Chair,98.97,97,0.36,230.22
3735,3/25/2011,8/7/2012,Express Shipping,7875,Ronalda Swaysland,Corporate,United States,Los Angeles,California,90071,West,2367,Technology,Pens,Phone,838.51,92,0.48,126.2
6592,4/20/2016,7/25/2017,Express Shipping,8837,Rana Brumbie,Home Office,United States,San Jose,California,95138,West,1708,Office Supplies,Paper,Table,256.19,92,0.15,199.68
5983,1/7/2011,10/16/2020,Same Day Shipping,3454,Shandee Scoffham,Home Office,United States,Salinas,California,93907,North,3655,Office Supplies,Tables,Paper,809.18,73,0.22,112.17
6668,9/26/2018,6/1/2013,Express Shipping,9172,Jennette Densey,Corporate,United States,Los Angeles,California,90040,North,3207,Technology,Pens,Pen,552.0,53,0.37,225.87
8305,4/13/2022,8/31/2014,Standard Shipping,2267,Kissee Cartmer,Consumer,United States,Pasadena,California,91186,South,2606,Technology,Pens,Laptop,671.62,25,0.23,121.59
7860,6/2/2016,2/17/2021,Express Shipping,6124,Evangeline Westlake,Home Office,United States,Los Angeles,California,90071,East,9526,Office Supplies,Paper,Paper,717.32,17,0.06,151.37
3634,4/13/2021,2/5/2021,Standard Shipping,9286,Duky Gubbin,Home Office,United States,San Diego,California,92127,East,7373,Furniture,Tables,Chair,14.56,48,0.29,270.44
5193,5/3/2012,5/28/2019,Standard Shipping,3128,Valentine Bradie,Consumer,United States,Bakersfield,California,93311,West,1424,Office Supplies,Pens,Phone,118.48,62,0.42,273.13
4116,7/27/2015,4/15/2015,Same Day Shipping,7257,Derby Twinn,Consumer,United States,Los Angeles,California,90010,North,4231,Office Supplies,Chairs,Paper,581.48,45,0.47,209.65
6653,8/23/2017,9/15/2018,Standard Shipping,4446,Seka Cornels,Home Office,United States,Inglewood,California,90398,West,4747,Furniture,Chairs,Table,550.88,8,0.03,437.77
3455,12/4/2017,1/19/2021,Express Shipping,9865,Mara Wellsman,Corporate,United States,Fresno,California,93704,North,6572,Furniture,Tables,Pen,745.02,78,0.33,357.95
3237,1/24/2017,5/31/2018,Standard Shipping,6760,Marion Tiebe,Consumer,United States,Corona,California,92878,South,3629,Furniture,Phones,Table,298.17,13,0.2,486.57
4729,12/15/2022,7/17/2013,Standard Shipping,3425,Alysia Klewer,Consumer,United States,San Diego,California,92191,North,2714,Office Supplies,Laptops,Paper,154.04,86,0.04,412.15
5143,1/2/2016,8/17/2017,Same Day Shipping,8517,Scottie Lapish,Corporate,United States,Oceanside,California,92056,East,8574,Furniture,Paper,Laptop,622.54,86,0.24,117.46
1270,4/28/2020,10/9/2010,Standard Shipping,1825,Fidelia Baldrick,Corporate,United States,Fresno,California,93726,North,6623,Furniture,Chairs,Laptop,432.84,14,0.34,424.95
1625,1/20/2013,7/29/2011,Same Day Shipping,8489,Ingrid Parfett,Consumer,United States,Los Angeles,California,90055,East,6014,Furniture,Laptops,Laptop,603.65,10,0.23,465.81
8277,5/30/2018,9/28/2021,Standard Shipping,7644,Ariella Sarchwell,Corporate,United States,Simi Valley,California,93094,West,6236,Technology,Pens,Pen,4.18,33,0.41,473.7
1088,5/16/2015,11/12/2013,Express Shipping,6708,Ralf Hussey,Corporate,United States,Newport Beach,California,92662,North,5455,Technology,Tables,Laptop,334.6,62,0.37,147.12
8650,1/15/2013,12/23/2019,Express Shipping,5344,Jordan Ramsier,Corporate,United States,Sacramento,California,95818,East,7896,Office Supplies,Paper,Table,298.77,17,0.32,227.66
9901,12/4/2017,9/4/2011,Same Day Shipping,5710,Gib Huckin,Consumer,United States,Pasadena,California,91199,East,6792,Furniture,Laptops,Paper,969.91,42,0.19,242.64
1930,5/24/2019,1/15/2020,Standard Shipping,4100,Paige Loughney,Consumer,United States,Pasadena,California,91103,East,9629,Furniture,Chairs,Chair,547.71,50,0.15,232.09
5592,3/20/2012,6/10/2010,Express Shipping,4854,Albertine Crack,Consumer,United States,San Diego,California,92165,West,7172,Technology,Phones,Laptop,267.85,8,0.31,128.83
7152,11/25/2014,9/14/2017,Same Day Shipping,5212,Hart Hemstead,Consumer,United States,Van Nuys,California,91499,South,2841,Technology,Paper,Pen,720.96,4,0.38,123.37
2881,9/19/2020,3/26/2022,Same Day Shipping,7604,Creight Emblem,Home Office,United States,San Diego,California,92110,West,6652,Office Supplies,Paper,Phone,344.37,69,0.34,458.16
8598,11/30/2020,7/30/2012,Same Day Shipping,9842,Shelton Wheatman,Consumer,United States,Fresno,California,93762,South,9590,Technology,Phones,Laptop,577.09,28,0.04,392.27
2551,5/11/2011,5/25/2014,Same Day Shipping,1779,Westbrook Scola,Corporate,United States,San Francisco,California,94159,East,6458,Furniture,Paper,Table,642.97,85,0.18,410.67
5040,5/14/2020,12/23/2019,Same Day Shipping,6175,Deanne Ferryn,Corporate,United States,Garden Grove,California,92844,West,5690,Office Supplies,Pens,Pen,437.29,14,0.4,187.41
8203,3/31/2015,10/3/2016,Express Shipping,6278,Hendrick Duckitt,Corporate,United States,Bakersfield,California,93311,South,3703,Technology,Chairs,Laptop,789.82,7,0.38,476.0
3668,12/6/2012,6/26/2015,Same Day Shipping,4761,Gregorio Hengoed,Consumer,United States,Los Angeles,California,90030,West,7492,Office Supplies,Phones,Chair,902.26,39,0.35,272.05
1048,8/17/2021,12/20/2022,Same Day Shipping,2960,Tyrus Bradbrook,Home Office,United States,Sacramento,California,95818,East,8253,Office Supplies,Pens,Laptop,936.72,63,0.3,241.21
9249,9/22/2018,11/15/2012,Standard Shipping,3636,Roxane Cradduck,Home Office,United States,San Jose,California,95113,East,2919,Office Supplies,Chairs,Laptop,475.16,22,0.47,350.35
5631,1/1/2018,9/4/2018,Express Shipping,9054,Tommie Atcherley,Consumer,United States,Los Angeles,California,90035,West,4119,Technology,Phones,Laptop,882.77,23,0.03,291.81
4854,1/23/2022,12/27/2018,Standard Shipping,5280,Barbee Wilkin,Consumer,United States,Los Angeles,California,90076,North,6148,Technology,Phones,Pen,761.06,39,0.4,340.88
6055,7/19/2010,12/26/2014,Express Shipping,3114,Otto Essam,Home Office,United States,Corona,California,92878,East,2257,Office Supplies,Paper,Paper,465.54,96,0.24,190.88
9834,7/20/2017,11/1/2010,Express Shipping,3833,Isaiah Wardington,Home Office,United States,San Jose,California,95138,West,7190,Office Supplies,Chairs,Laptop,870.77,13,0.19,252.79
7841,4/6/2017,11/5/2015,Same Day Shipping,9843,Mada Mill,Corporate,United States,Richmond,California,94807,South,2228,Technology,Paper,Pen,578.41,32,0.46,404.46
4884,8/2/2015,1/11/2017,Standard Shipping,8149,Ber Giamelli,Home Office,United States,Huntington Beach,California,92648,West,2419,Technology,Paper,Chair,993.57,81,0.45,209.08
2356,4/10/2010,9/2/2013,Same Day Shipping,4682,Carolann Fairest,Consumer,United States,Van Nuys,California,91406,West,3799,Technology,Pens,Phone,522.87,51,0.41,468.29
8365,4/25/2020,10/10/2011,Same Day Shipping,2945,Trent Gregon,Corporate,United States,Chico,California,95973,North,7326,Furniture,Pens,Phone,119.27,19,0.15,419.61
4387,8/21/2019,5/5/2013,Same Day Shipping,3676,Dylan Mungan,Corporate,United States,Mountain View,California,94042,West,7394,Technology,Tables,Paper,703.86,32,0.11,312.22
7847,3/6/2020,5/23/2016,Express Shipping,9844,Haskell Enders,Consumer,United States,Los Angeles,California,90055,South,1906,Office Supplies,Laptops,Paper,731.78,36,0.35,121.87
4986,8/9/2021,9/17/2010,Standard Shipping,8277,Blanch Neising,Corporate,United States,Sacramento,California,95818,South,7250,Furniture,Paper,Laptop,115.71,70,0.44,225.89
7878,7/31/2017,7/24/2015,Same Day Shipping,8210,Roberta Kembery,Consumer,United States,Sacramento,California,95894,West,4025,Office Supplies,Phones,Paper,897.69,85,0.49,157.08
2514,3/30/2010,3/1/2016,Same Day Shipping,4432,Maddie Graybeal,Corporate,United States,Bakersfield,California,93311,West,9735,Furniture,Phones,Laptop,636.91,43,0.48,114.18
9211,4/20/2013,4/6/2015,Express Shipping,6055,Rivalee Ruxton,Consumer,United States,Bakersfield,California,93311,East,5296,Furniture,Chairs,Pen,108.42,18,0.27,243.97
1052,8/5/2013,5/17/2012,Express Shipping,7243,Anthiathia Fawdrey,Home Office,United States,Anaheim,California,92825,South,1297,Furniture,Paper,Phone,220.68,27,0.38,405.21
7229,7/29/2015,5/9/2012,Same Day Shipping,6684,Arnie Doniso,Consumer,United States,San Diego,California,92105,South,5353,Furniture,Chairs,Table,271.32,8,0.16,191.12
7144,7/8/2022,12/26/2020,Same Day Shipping,4076,Eleen Soppit,Consumer,United States,San Jose,California,95160,North,3379,Technology,Tables,Chair,384.39,77,0.02,317.99
7164,4/23/2019,9/2/2018,Same Day Shipping,5055,Cyndia Ratt,Home Office,United States,San Diego,California,92153,North,6542,Furniture,Tables,Laptop,313.79,53,0.49,190.46
9653,5/20/2012,9/19/2021,Express Shipping,7837,Alisander Stang-Gjertsen,Consumer,United States,Los Angeles,California,90005,South,4282,Furniture,Tables,Laptop,174.7,54,0.47,348.57
8641,10/23/2013,7/23/2022,Standard Shipping,5338,Edvard Malcolmson,Home Office,United States,Alhambra,California,91841,North,2979,Office Supplies,Paper,Chair,393.15,75,0.37,357.94
3321,7/2/2013,9/30/2016,Express Shipping,9993,Tate Halkyard,Corporate,United States,Pasadena,California,91131,West,8037,Office Supplies,Pens,Phone,358.53,44,0.44,172.36
7679,2/10/2015,4/15/2011,Same Day Shipping,2100,Artair Shillito,Corporate,United States,San Diego,California,92132,East,6947,Technology,Chairs,Pen,111.14,76,0.06,136.85
8843,10/11/2018,1/17/2015,Same Day Shipping,6009,Benedikta Langcaster,Corporate,United States,Mountain View,California,94042,North,9719,Office Supplies,Paper,Laptop,602.61,73,0.29,285.98
5619,11/13/2018,2/2/2016,Express Shipping,5321,Lucais Tillerton,Corporate,United States,Santa Barbara,California,93106,West,3808,Technology,Phones,Laptop,100.18,20,0.48,327.18
1213,6/29/2017,7/14/2013,Standard Shipping,2190,Hansiain Coltherd,Home Office,United States,Oakland,California,94622,East,5018,Furniture,Chairs,Laptop,374.16,19,0.08,176.41
2282,10/25/2016,9/9/2012,Express Shipping,6159,Rudiger Wiggall,Home Office,United States,San Jose,California,95138,South,2752,Technology,Phones,Chair,929.83,71,0.29,126.37
5146,7/4/2020,1/3/2012,Express Shipping,9699,Shepard Brideoke,Corporate,United States,Lancaster,California,93584,East,5324,Technology,Pens,Pen,20.69,38,0.34,185.17
4426,10/18/2012,5/8/2013,Express Shipping,6018,Perry Dineen,Home Office,United States,Van Nuys,California,91499,East,9283,Office Supplies,Chairs,Table,273.5,93,0.46,276.8
5792,1/3/2022,5/9/2015,Standard Shipping,5764,Terrell Sissot,Corporate,United States,Los Angeles,California,90189,East,7215,Office Supplies,Laptops,Chair,656.94,32,0.41,100.46
8242,12/23/2017,7/31/2019,Express Shipping,3017,Ricky Fyndon,Consumer,United States,Torrance,California,90505,North,7592,Technology,Chairs,Pen,99.39,30,0.14,114.83
2094,8/20/2010,6/4/2021,Same Day Shipping,5750,Jennica Grigoli,Home Office,United States,San Francisco,California,94159,South,9351,Office Supplies,Laptops,Chair,865.24,73,0.36,151.0
5466,6/17/2011,4/26/2010,Same Day Shipping,9845,Branden Pickerin,Home Office,United States,Pasadena,California,91103,East,5621,Office Supplies,Laptops,Phone,572.93,2,0.12,336.6
6042,10/11/2021,3/10/2010,Express Shipping,3232,Mandie Boick,Home Office,United States,Fresno,California,93726,West,8064,Technology,Chairs,Pen,462.32,14,0.12,321.34
5466,1/21/2015,12/30/2022,Same Day Shipping,1411,Robbi Cawthery,Consumer,United States,Los Angeles,California,90010,South,5639,Office Supplies,Phones,Phone,147.55,38,0.08,490.58
6383,7/3/2015,12/21/2020,Express Shipping,1943,Christi Klaff,Corporate,United States,Los Angeles,California,90189,West,9367,Furniture,Tables,Pen,977.82,58,0.48,169.9
7886,2/25/2022,4/18/2015,Express Shipping,5843,Nada Breadon,Consumer,United States,San Diego,California,92132,East,2334,Technology,Pens,Table,615.02,88,0.33,332.91
9995,3/17/2015,3/28/2021,Standard Shipping,3632,Ryley Bracey,Consumer,United States,Glendale,California,91210,North,6591,Office Supplies,Chairs,Phone,240.79,87,0.04,272.53
7451,4/25/2018,1/10/2012,Standard Shipping,6443,Willdon Andreucci,Corporate,United States,San Francisco,California,94159,South,2904,Furniture,Chairs,Paper,405.08,98,0.29,158.21
6593,2/19/2013,11/12/2015,Standard Shipping,1464,Sapphire Schoffler,Home Office,United States,Stockton,California,95210,South,2584,Furniture,Pens,Table,30.48,25,0.36,354.73
7316,12/14/2011,10/31/2021,Standard Shipping,6827,Petra Sutterfield,Corporate,United States,Pasadena,California,91199,East,7598,Furniture,Tables,Chair,287.61,82,0.26,244.51
3011,11/6/2010,8/13/2021,Standard Shipping,7406,Benedick Blaylock,Consumer,United States,San Diego,California,92191,West,6934,Technology,Laptops,Paper,682.89,10,0.21,341.61
2561,10/10/2017,12/11/2022,Express Shipping,9750,Emalia Gymlett,Consumer,United States,Los Angeles,California,90189,South,9797,Technology,Laptops,Laptop,849.25,47,0.44,490.95
2522,6/17/2021,3/6/2019,Standard Shipping,9133,Mark Doram,Corporate,United States,San Diego,California,92153,South,7327,Office Supplies,Phones,Phone,941.12,50,0.17,108.23
9200,12/7/2017,5/13/2011,Same Day Shipping,4913,Doe Pittman,Consumer,United States,Sacramento,California,94263,West,9538,Office Supplies,Pens,Table,952.26,100,0.03,283.55
6171,12/21/2016,3/19/2018,Standard Shipping,1050,Ches Puleque,Consumer,United States,San Diego,California,92132,East,3248,Office Supplies,Laptops,Pen,371.36,15,0.09,460.97
3478,11/7/2011,8/20/2010,Express Shipping,9086,Perkin Giabucci,Consumer,United States,Los Angeles,California,90071,East,8041,Technology,Chairs,Phone,326.85,88,0.16,133.34
9734,9/19/2019,8/14/2019,Same Day Shipping,6932,Frederica Deamer,Home Office,United States,San Diego,California,92110,East,5668,Office Supplies,Pens,Chair,646.16,42,0.3,116.59
2568,10/13/2010,6/27/2010,Same Day Shipping,8161,Dion Tuplin,Home Office,United States,Santa Monica,California,90410,West,2782,Technology,Phones,Paper,186.7,15,0.5,299.16
5103,12/18/2013,8/27/2010,Express Shipping,6415,Donavon Schreurs,Home Office,United States,San Francisco,California,94121,West,3822,Technology,Pens,Laptop,112.0,12,0.19,248.28
2240,7/24/2011,3/1/2010,Standard Shipping,1068,Merl Maffini,Home Office,United States,Fresno,California,93715,South,5819,Office Supplies,Chairs,Pen,421.04,44,0.27,215.73
9721,10/29/2019,11/29/2016,Express Shipping,3741,Jeffrey Marshal,Home Office,United States,Garden Grove,California,92645,South,3643,Furniture,Pens,Laptop,595.54,53,0.13,333.46
1237,3/13/2019,4/23/2012,Standard Shipping,4677,Hakim Rubinovici,Corporate,United States,San Francisco,California,94132,West,7911,Technology,Tables,Pen,414.25,34,0.07,426.9
7277,7/29/2017,3/12/2010,Express Shipping,2835,Fritz Atkirk,Corporate,United States,Long Beach,California,90831,South,3407,Office Supplies,Tables,Pen,956.41,80,0.37,398.23
1575,2/1/2012,2/24/2021,Same Day Shipping,2242,Kacey Seeney,Home Office,United States,Fresno,California,93773,East,6611,Furniture,Tables,Paper,238.34,20,0.14,181.31
1212,10/31/2022,1/21/2012,Same Day Shipping,9518,Ingrim Chestnutt,Home Office,United States,Inglewood,California,90305,East,3804,Office Supplies,Laptops,Pen,11.63,8,0.02,362.34
4607,5/30/2018,8/12/2014,Same Day Shipping,8572,Hugh Bowerman,Corporate,United States,Pasadena,California,91186,West,3164,Technology,Tables,Pen,214.76,23,0.17,421.16
5510,5/24/2021,5/20/2011,Same Day Shipping,3415,Brigham Gozzett,Consumer,United States,Salinas,California,93907,North,4933,Furniture,Paper,Laptop,170.26,84,0.33,302.0
7101,5/19/2014,11/20/2010,Standard Shipping,5220,Kalli Lillyman,Corporate,United States,Sacramento,California,95852,South,1786,Furniture,Phones,Paper,780.34,8,0.1,436.43
3389,10/27/2015,4/8/2011,Express Shipping,4121,Carmencita Haines,Consumer,United States,San Jose,California,95138,East,3060,Technology,Chairs,Table,554.25,23,0.08,281.58
1511,1/20/2020,8/20/2010,Express Shipping,6323,Ema Coudray,Consumer,United States,Sacramento,California,94273,East,5303,Office Supplies,Laptops,Paper,441.06,45,0.26,120.71
2496,1/7/2016,4/17/2013,Standard Shipping,1977,Shalom Jakubczyk,Home Office,United States,Los Angeles,California,90030,West,8499,Office Supplies,Pens,Chair,52.55,84,0.49,107.03
9686,12/2/2014,10/29/2017,Standard Shipping,9186,Kania MacIlurick,Consumer,United States,Fresno,California,93726,West,5895,Office Supplies,Paper,Pen,120.24,98,0.33,261.37
1385,3/31/2020,3/25/2021,Express Shipping,9945,Phillis Lyddyard,Corporate,United States,Los Angeles,California,90189,East,9154,Office Supplies,Phones,Laptop,797.02,59,0.45,136.19
1477,6/6/2017,7/11/2016,Express Shipping,8050,Olympie Saill,Home Office,United States,Corona,California,92878,North,5602,Furniture,Tables,Pen,888.74,20,0.43,407.76
7748,5/26/2017,9/26/2021,Express Shipping,4025,Hermann Smithen,Corporate,United States,San Bernardino,California,92415,South,7398,Technology,Paper,Paper,247.77,8,0.1,107.42
9530,5/25/2014,12/18/2014,Standard Shipping,1170,Floris Woolmington,Consumer,United States,Palmdale,California,93591,East,1366,Furniture,Pens,Laptop,332.17,40,0.2,398.54
8265,4/23/2015,6/21/2021,Standard Shipping,6697,Adriana Filby,Consumer,United States,Van Nuys,California,91406,West,3801,Technology,Phones,Chair,25.43,84,0.28,257.15
5197,10/24/2020,11/6/2019,Same Day Shipping,2427,Anna-diana Marthen,Consumer,United States,Sacramento,California,95894,West,8559,Furniture,Paper,Pen,904.18,53,0.08,174.18
2415,7/16/2018,1/9/2015,Standard Shipping,6339,Prentiss Curnokk,Consumer,United States,Santa Ana,California,92725,North,7816,Technology,Laptops,Laptop,739.02,87,0.42,355.0
4339,7/27/2018,3/13/2011,Same Day Shipping,5918,Steven Bartalot,Corporate,United States,Sacramento,California,95894,North,6924,Technology,Chairs,Pen,353.79,39,0.37,485.06
9717,2/21/2017,9/3/2014,Standard Shipping,3718,Gretal Dumberrill,Corporate,United States,Bakersfield,California,93305,South,6131,Office Supplies,Chairs,Chair,5.91,94,0.37,342.22
2803,7/6/2016,7/21/2019,Express Shipping,3864,Dalia Still,Consumer,United States,San Francisco,California,94154,East,9381,Furniture,Laptops,Chair,302.43,29,0.45,121.41
7427,12/9/2022,3/27/2018,Standard Shipping,4474,Olly Fend,Consumer,United States,San Francisco,California,94121,West,5917,Furniture,Chairs,Chair,223.72,36,0.21,303.81
8130,4/5/2017,8/31/2010,Standard Shipping,6374,Shem Foort,Home Office,United States,San Diego,California,92153,South,2334,Technology,Paper,Paper,722.21,39,0.03,289.51
6684,4/11/2015,11/13/2019,Standard Shipping,7966,Adlai Corless,Home Office,United States,Pasadena,California,91117,South,8999,Furniture,Chairs,Table,562.57,38,0.09,441.53
3992,6/25/2010,12/15/2019,Same Day Shipping,8514,Sonnie Couling,Corporate,United States,Fresno,California,93715,East,8226,Furniture,Paper,Table,54.6,38,0.21,377.06
5443,7/26/2018,11/29/2010,Same Day Shipping,5400,Mikael Arpur,Home Office,United States,Santa Monica,California,90410,West,8880,Office Supplies,Paper,Laptop,879.68,70,0.0,222.15
2076,7/19/2010,11/18/2019,Express Shipping,6964,Rubia Phetteplace,Corporate,United States,Fresno,California,93773,East,7133,Office Supplies,Laptops,Pen,268.12,55,0.06,213.21
9235,3/23/2010,6/17/2020,Express Shipping,5184,Michaella Sharpless,Home Office,United States,Pasadena,California,91117,North,4240,Furniture,Phones,Pen,804.56,71,0.25,459.83
6977,11/22/2019,6/1/2021,Express Shipping,5184,Cherie Millan,Consumer,United States,Los Angeles,California,90040,North,2759,Furniture,Tables,Table,529.58,2,0.36,355.07
5611,10/25/2015,8/14/2019,Same Day Shipping,3887,Ferris Mulhill,Consumer,United States,Sacramento,California,95852,West,2449,Furniture,Pens,Paper,693.87,84,0.03,271.8
8457,10/20/2015,5/31/2010,Express Shipping,1946,Maribel Bullus,Consumer,United States,San Diego,California,92170,South,1001,Office Supplies,Laptops,Laptop,607.01,6,0.07,300.37
6148,6/5/2020,4/21/2018,Standard Shipping,8928,Paola Bewicke,Home Office,United States,Carlsbad,California,92013,North,2228,Technology,Paper,Chair,603.33,84,0.14,388.71
6934,1/26/2022,9/29/2010,Standard Shipping,7573,Hestia Carrel,Corporate,United States,San Jose,California,95123,North,4703,Technology,Phones,Laptop,707.6,70,0.44,454.7
3594,8/4/2016,8/31/2017,Express Shipping,7083,Dare Deedes,Consumer,United States,San Jose,California,95123,South,3673,Furniture,Chairs,Phone,437.28,12,0.38,267.2
5553,9/19/2020,4/21/2020,Express Shipping,6073,Kerrill Worster,Corporate,United States,San Jose,California,95160,West,4002,Furniture,Chairs,Chair,230.37,34,0.14,466.09
2145,11/18/2017,4/21/2015,Same Day Shipping,6492,Krissie Hollebon,Corporate,United States,Corona,California,92883,North,4899,Technology,Laptops,Table,187.39,35,0.49,199.73
7379,11/27/2015,11/13/2020,Same Day Shipping,1800,Janek Fontelles,Consumer,United States,Palmdale,California,93591,West,2819,Office Supplies,Phones,Table,418.07,36,0.4,348.55
9807,11/28/2017,8/29/2013,Express Shipping,3919,Jacquelin Winser,Corporate,United States,Huntington Beach,California,92648,North,8197,Furniture,Laptops,Laptop,794.69,63,0.39,330.5
2903,8/25/2015,10/15/2017,Same Day Shipping,8187,Janaya Jales,Consumer,United States,Mountain View,California,94042,North,8513,Technology,Phones,Paper,839.6,37,0.24,292.88
3264,3/18/2018,4/22/2015,Express Shipping,3407,Axe Tooze,Home Office,United States,Mountain View,California,94042,East,3252,Furniture,Paper,Table,987.0,43,0.03,452.16
2208,9/19/2021,11/16/2013,Standard Shipping,6869,Rhonda Orridge,Home Office,United States,Fullerton,California,92640,West,1593,Furniture,Paper,Pen,324.22,20,0.39,345.95
2005,10/20/2020,3/29/2014,Same Day Shipping,5729,Cosimo Kirsche,Corporate,United States,San Francisco,California,94121,North,7728,Technology,Tables,Paper,725.94,77,0.29,319.55
3821,5/12/2013,11/10/2012,Standard Shipping,3183,Bartolomeo Roderick,Home Office,United States,Newport Beach,California,92662,North,6146,Technology,Chairs,Table,728.39,70,0.47,254.98
1901,5/21/2015,7/12/2010,Standard Shipping,5356,Guilbert Cisec,Home Office,United States,Simi Valley,California,93094,East,1525,Technology,Paper,Paper,976.56,55,0.15,278.57
8188,7/4/2017,4/10/2017,Standard Shipping,9910,Mommy Edie,Home Office,United States,Los Angeles,California,90189,West,4329,Furniture,Chairs,Phone,234.74,83,0.47,457.36
7159,4/17/2013,2/20/2012,Same Day Shipping,9561,Lenna Rasher,Corporate,United States,Glendale,California,91210,North,8612,Furniture,Tables,Chair,998.59,42,0.4,153.39
2290,3/14/2011,12/13/2018,Express Shipping,9747,Giana Kenlin,Corporate,United States,Santa Barbara,California,93106,West,7424,Technology,Pens,Laptop,562.63,48,0.24,123.68
5149,7/31/2017,2/27/2017,Express Shipping,6191,Hermione Sprionghall,Corporate,United States,San Diego,California,92132,North,6724,Technology,Paper,Pen,377.15,55,0.12,171.0
9462,10/7/2021,3/24/2018,Express Shipping,6542,Mortimer Bettesworth,Corporate,United States,Santa Ana,California,92725,West,6652,Technology,Tables,Table,308.41,87,0.33,206.86
1913,6/12/2016,5/29/2015,Same Day Shipping,2952,Charmaine Lanktree,Corporate,United States,Chico,California,95973,East,2734,Technology,Paper,Paper,495.07,15,0.06,365.05
8231,4/28/2015,3/29/2016,Standard Shipping,4653,Lewie Duprey,Home Office,United States,San Rafael,California,94913,North,2700,Office Supplies,Paper,Paper,819.49,88,0.47,467.99
2010,6/17/2016,6/13/2014,Express Shipping,7759,Kelila Bushell,Consumer,United States,Stockton,California,95210,South,9614,Technology,Phones,Chair,316.45,69,0.35,467.64
2104,5/25/2021,5/19/2017,Express Shipping,5387,Arabelle Helleckas,Consumer,United States,San Francisco,California,94121,East,8643,Technology,Pens,Chair,119.11,41,0.46,263.86
5468,6/1/2017,8/3/2018,Standard Shipping,4596,Darwin Jeffery,Home Office,United States,Santa Cruz,California,95064,East,1691,Furniture,Laptops,Pen,901.6,90,0.41,363.6
3069,8/1/2011,4/11/2016,Express Shipping,1031,Isabelle McBeath,Corporate,United States,Burbank,California,91505,West,4438,Technology,Chairs,Table,983.94,35,0.22,400.32
5036,1/30/2014,10/5/2019,Standard Shipping,6263,Ward Vogt,Consumer,United States,Sacramento,California,94207,East,3781,Technology,Chairs,Table,536.8,66,0.35,221.59
8615,2/18/2012,1/13/2012,Express Shipping,6943,Cirilo Hamblett,Corporate,United States,Sacramento,California,95813,South,7480,Office Supplies,Tables,Paper,758.62,60,0.17,318.93
8253,10/27/2012,3/1/2013,Same Day Shipping,7492,Olin Mease,Consumer,United States,Torrance,California,90505,North,1240,Furniture,Chairs,Phone,127.91,81,0.26,187.46
1441,6/29/2018,2/9/2022,Standard Shipping,3047,Marna Gouldsmith,Corporate,United States,Stockton,California,95210,North,6393,Technology,Laptops,Phone,522.45,36,0.46,189.52
2493,11/22/2022,1/4/2011,Standard Shipping,9567,Noby Andryushchenko,Home Office,United States,Pasadena,California,91131,West,3035,Office Supplies,Tables,Phone,497.99,21,0.05,304.23
5398,12/9/2017,7/13/2019,Express Shipping,4789,Kristan Partrick,Corporate,United States,Los Angeles,California,90010,North,9833,Furniture,Pens,Chair,80.33,92,0.09,160.22
4556,2/2/2022,11/28/2014,Same Day Shipping,9627,Giraud Norkutt,Corporate,United States,Oceanside,California,92056,North,6461,Office Supplies,Pens,Phone,224.3,23,0.11,141.69
5183,2/14/2010,12/3/2013,Express Shipping,8854,Shanon Nowlan,Corporate,United States,San Diego,California,92110,East,8409,Furniture,Phones,Phone,965.22,94,0.2,472.32
3156,6/13/2021,4/5/2022,Standard Shipping,9881,Dorian Flinn,Home Office,United States,Pasadena,California,91131,South,7179,Office Supplies,Tables,Table,904.24,10,0.05,183.93
5656,7/2/2018,1/7/2019,Standard Shipping,2881,Garey Brideoke,Consumer,United States,Bakersfield,California,93311,East,9846,Technology,Paper,Chair,293.81,90,0.49,358.27
7426,7/8/2011,8/10/2019,Standard Shipping,8850,Ulrikaumeko Yardy,Consumer,United States,Whittier,California,90610,South,6811,Furniture,Tables,Paper,478.25,51,0.08,169.81
6443,9/21/2018,8/1/2020,Standard Shipping,3229,Zared Palfreyman,Corporate,United States,Bakersfield,California,93311,East,8177,Technology,Phones,Laptop,750.4,98,0.3,187.53
1888,11/24/2014,11/14/2019,Standard Shipping,6582,Locke Costello,Consumer,United States,Irvine,California,92619,East,5540,Technology,Pens,Phone,267.1,30,0.37,178.53
6055,8/15/2010,7/8/2017,Standard Shipping,9163,Judi Sever,Consumer,United States,San Jose,California,95160,West,9204,Furniture,Chairs,Paper,288.0,90,0.47,117.87
7420,1/7/2014,6/19/2014,Standard Shipping,5258,Ruddie Ayliff,Home Office,United States,Los Angeles,California,90076,East,4461,Technology,Tables,Phone,433.93,82,0.45,433.38
6453,9/17/2017,3/23/2019,Same Day Shipping,1130,Tessa Shreeves,Home Office,United States,Carlsbad,California,92013,North,6364,Furniture,Pens,Table,475.6,66,0.32,481.41
9342,3/2/2014,2/7/2017,Same Day Shipping,5291,Gustaf Carnelley,Home Office,United States,San Rafael,California,94913,West,2872,Technology,Phones,Paper,313.64,4,0.26,403.82
9651,4/7/2012,2/29/2012,Same Day Shipping,9592,Dallon Woodyatt,Home Office,United States,Pasadena,California,91103,East,4702,Technology,Paper,Chair,568.87,58,0.46,368.97
5294,5/18/2019,5/15/2022,Standard Shipping,7097,Jedidiah Dmiterko,Home Office,United States,Pasadena,California,91103,East,3283,Office Supplies,Pens,Paper,168.12,27,0.13,452.02
1862,10/8/2018,1/25/2022,Express Shipping,3262,Ewell Newell,Consumer,United States,Fresno,California,93773,North,6053,Technology,Paper,Laptop,109.4,77,0.28,499.75
7121,2/28/2021,5/11/2021,Same Day Shipping,3229,Lowell Tesyro,Corporate,United States,San Francisco,California,94154,North,8400,Furniture,Tables,Phone,338.28,77,0.42,100.78
9645,2/21/2016,8/3/2019,Same Day Shipping,5794,Aloysia Lucien,Consumer,United States,Alhambra,California,91841,South,9534,Office Supplies,Pens,Chair,401.01,36,0.23,153.94
9833,6/14/2013,9/13/2019,Express Shipping,5974,Kissee Attride,Home Office,United States,Carlsbad,California,92013,South,8986,Office Supplies,Paper,Chair,976.41,42,0.03,114.08
5772,6/20/2017,6/6/2018,Same Day Shipping,8686,Roseanna Gascone,Consumer,United States,Oakland,California,94611,West,6621,Office Supplies,Chairs,Chair,546.26,4,0.01,248.67
2498,7/17/2013,12/5/2015,Express Shipping,6423,Alberto Beddoes,Home Office,United States,Bakersfield,California,93311,East,7729,Office Supplies,Chairs,Chair,888.48,80,0.05,234.63
9952,8/29/2019,3/30/2022,Express Shipping,4013,Avril Konzel,Home Office,United States,San Jose,California,95123,West,5425,Furniture,Laptops,Chair,210.18,30,0.32,128.86
5253,6/5/2021,9/11/2017,Same Day Shipping,5716,Sherie Martino,Consumer,United States,Mountain View,California,94042,North,2660,Office Supplies,Paper,Laptop,308.33,58,0.22,446.25
9987,9/23/2013,9/18/2016,Same Day Shipping,2684,Nina Lamartine,Corporate,United States,Corona,California,92878,East,6569,Furniture,Pens,Paper,882.09,17,0.13,397.35
1127,11/7/2021,7/23/2018,Same Day Shipping,4912,Cornell Duncan,Corporate,United States,Mountain View,California,94042,South,5482,Technology,Chairs,Paper,576.88,10,0.26,455.03
3348,8/12/2010,3/30/2020,Same Day Shipping,5726,Rafa Gethouse,Home Office,United States,Santa Ana,California,92725,East,9316,Technology,Phones,Paper,704.26,33,0.04,391.98
7905,2/1/2017,1/6/2014,Standard Shipping,3361,Chrisy Heazel,Consumer,United States,San Diego,California,92170,East,2385,Office Supplies,Laptops,Pen,650.92,76,0.19,137.61
3016,10/8/2020,6/4/2010,Standard Shipping,7977,Daniele Spratley,Home Office,United States,Pasadena,California,91131,East,2934,Office Supplies,Chairs,Laptop,217.43,67,0.48,257.86
3833,2/5/2018,7/3/2017,Express Shipping,7985,Eli Scott,Home Office,United States,Los Angeles,California,90189,North,3758,Technology,Laptops,Pen,491.93,84,0.5,289.51
9968,6/19/2021,4/30/2018,Express Shipping,6485,Jocelyn Moylan,Corporate,United States,Sacramento,California,94291,North,6657,Technology,Phones,Pen,575.66,9,0.2,168.49
7519,5/24/2019,11/17/2010,Same Day Shipping,6703,Claire Bovey,Home Office,United States,San Diego,California,92165,East,2389,Office Supplies,Paper,Laptop,226.61,39,0.4,329.37
5300,6/8/2015,5/6/2013,Express Shipping,5672,Glynda Riddeough,Corporate,United States,Fresno,California,93704,North,9101,Office Supplies,Chairs,Chair,892.03,17,0.14,140.37
2369,8/25/2016,1/2/2018,Express Shipping,1287,Jammal Duerden,Consumer,United States,Fresno,California,93773,West,3517,Technology,Phones,Laptop,251.67,79,0.37,416.43
1888,2/6/2017,7/5/2017,Standard Shipping,6882,Shirlee Kiddie,Home Office,United States,Los Angeles,California,90189,East,4894,Technology,Paper,Chair,480.99,34,0.42,476.43
1438,12/1/2016,3/19/2021,Standard Shipping,7621,Dory Titcomb,Home Office,United States,Pasadena,California,91131,West,3157,Furniture,Laptops,Laptop,444.35,94,0.44,100.07
1173,4/30/2018,10/4/2012,Same Day Shipping,4293,Ree Butner,Home Office,United States,Pasadena,California,91131,North,8438,Technology,Phones,Phone,332.97,64,0.06,315.83
1050,7/15/2021,12/19/2017,Same Day Shipping,5124,Ernestine Adrianello,Consumer,United States,Sacramento,California,95833,South,9827,Technology,Paper,Table,360.2,58,0.03,495.35
7689,7/23/2010,8/12/2017,Same Day Shipping,6215,Randi Grichukhin,Consumer,United States,San Jose,California,95160,South,7426,Technology,Pens,Phone,896.66,88,0.46,118.05
1207,3/25/2015,7/31/2012,Express Shipping,4938,Dilly Deeprose,Home Office,United States,Sacramento,California,95852,East,3419,Technology,Laptops,Paper,158.84,19,0.14,167.29
3791,11/9/2011,7/14/2014,Same Day Shipping,6330,Linoel Gowrie,Corporate,United States,Sacramento,California,94273,West,7582,Furniture,Pens,Phone,25.85,63,0.37,284.36
4506,10/18/2021,11/7/2010,Express Shipping,4028,Gabriella Joynes,Corporate,United States,San Diego,California,92132,South,5667,Furniture,Chairs,Pen,301.24,66,0.1,142.8
2472,5/25/2021,4/6/2019,Standard Shipping,6905,Jorry Killelea,Corporate,United States,Santa Barbara,California,93106,East,7629,Furniture,Tables,Laptop,217.31,82,0.01,117.0
2292,11/27/2019,7/28/2022,Same Day Shipping,3192,Bernard Alvaro,Corporate,United States,Pasadena,California,91131,West,6194,Office Supplies,Paper,Chair,344.76,56,0.31,332.07
6039,1/19/2022,8/23/2013,Standard Shipping,5601,Peta Draisey,Home Office,United States,Carlsbad,California,92013,East,8747,Technology,Laptops,Pen,502.03,20,0.47,331.16
1976,11/17/2019,10/2/2015,Express Shipping,8220,Fiona Akers,Corporate,United States,Los Angeles,California,90040,West,5969,Furniture,Paper,Table,269.96,25,0.49,289.09
9981,8/30/2014,12/23/2011,Same Day Shipping,5524,Padgett MacMoyer,Consumer,United States,Los Angeles,California,90094,South,6594,Furniture,Chairs,Table,639.58,67,0.0,380.49
2419,6/3/2011,12/21/2012,Standard Shipping,5179,Helen-elizabeth Peverell,Home Office,United States,San Jose,California,95113,West,7867,Furniture,Phones,Pen,984.75,93,0.13,250.89
1187,4/30/2013,6/22/2021,Same Day Shipping,4108,Sondra Kimmons,Corporate,United States,Santa Rosa,California,95405,East,6999,Furniture,Pens,Chair,7.15,72,0.13,127.15
9050,9/30/2011,2/16/2014,Standard Shipping,4761,Dorree Sandiford,Home Office,United States,San Jose,California,95160,East,7126,Office Supplies,Chairs,Paper,664.24,66,0.12,127.48
6348,1/13/2022,6/15/2022,Express Shipping,5098,Lauri Dearnaley,Consumer,United States,Inglewood,California,90305,North,1564,Furniture,Tables,Phone,992.84,98,0.11,398.42
3197,1/7/2013,4/15/2022,Standard Shipping,5466,Grayce Quickfall,Consumer,United States,Lancaster,California,93584,South,8946,Office Supplies,Tables,Chair,582.2,92,0.22,409.12
2584,4/30/2012,1/4/2012,Standard Shipping,1937,Anderea Dongate,Consumer,United States,San Rafael,California,94913,North,3777,Office Supplies,Chairs,Chair,452.06,100,0.2,142.48
4976,9/16/2010,11/17/2020,Express Shipping,3443,Dollie Barzen,Home Office,United States,Los Angeles,California,90030,North,3540,Furniture,Laptops,Phone,597.97,91,0.08,405.88
9855,4/5/2020,6/18/2013,Express Shipping,2829,Giorgi Larrett,Home Office,United States,Long Beach,California,90831,East,1667,Office Supplies,Pens,Table,596.14,79,0.5,348.86
2584,6/30/2020,1/13/2018,Express Shipping,3167,Dennie Padkin,Corporate,United States,Pasadena,California,91199,West,1332,Technology,Chairs,Chair,41.96,29,0.06,349.6
6174,5/31/2013,12/31/2011,Standard Shipping,1763,Olly Proudman,Corporate,United States,Inglewood,California,90398,West,7103,Office Supplies,Paper,Pen,698.22,1,0.45,187.07
1975,5/28/2011,11/17/2014,Express Shipping,1113,Averyl Pol,Consumer,United States,Los Angeles,California,90071,North,5313,Furniture,Paper,Chair,163.51,78,0.03,225.94
2126,2/17/2010,5/10/2012,Standard Shipping,3482,Luisa Reubel,Home Office,United States,San Jose,California,95113,North,4215,Furniture,Paper,Table,127.63,18,0.2,387.73
6661,8/5/2013,12/8/2017,Express Shipping,2780,Dare Langeley,Consumer,United States,San Francisco,California,94132,South,3905,Office Supplies,Tables,Phone,928.07,90,0.42,354.41
5195,7/8/2018,10/8/2011,Standard Shipping,1383,Doroteya Warlowe,Home Office,United States,Los Angeles,California,90045,West,4039,Technology,Chairs,Phone,682.49,88,0.24,488.29
9407,12/12/2020,12/31/2014,Same Day Shipping,5724,Edwin Messham,Corporate,United States,Stockton,California,95210,North,8240,Technology,Phones,Pen,653.06,71,0.13,414.79
7501,3/21/2012,1/20/2022,Express Shipping,4632,Leigh Spinley,Home Office,United States,San Diego,California,92170,West,7137,Technology,Tables,Phone,941.67,39,0.07,222.49
8231,3/10/2014,3/15/2013,Standard Shipping,5733,Meggi Duprey,Home Office,United States,Santa Monica,California,90410,East,5209,Furniture,Tables,Laptop,778.69,19,0.46,435.69
7141,5/9/2015,6/11/2010,Express Shipping,9356,Caitrin Halso,Home Office,United States,Los Angeles,California,90030,East,7578,Furniture,Chairs,Pen,874.77,9,0.26,195.9
1015,10/13/2017,7/4/2020,Express Shipping,5865,Gaby Ornells,Consumer,United States,San Diego,California,92105,South,4572,Technology,Tables,Table,249.62,30,0.14,241.63
9230,9/15/2014,12/7/2019,Same Day Shipping,6096,Bernita Harbar,Corporate,United States,Carlsbad,California,92013,North,9143,Technology,Laptops,Table,789.23,59,0.23,275.22
9661,9/7/2021,1/31/2011,Standard Shipping,2450,Verile Vernazza,Consumer,United States,Los Angeles,California,90040,East,2832,Technology,Paper,Paper,963.98,60,0.05,284.7
2023,5/31/2018,1/22/2014,Standard Shipping,2024,Reiko Iacivelli,Corporate,United States,Stockton,California,95205,South,2619,Office Supplies,Laptops,Pen,891.01,85,0.1,371.89
8038,9/18/2016,8/2/2015,Express Shipping,2401,Elisabetta Chevins,Consumer,United States,Burbank,California,91505,South,8463,Office Supplies,Chairs,Laptop,106.64,93,0.25,264.42
5922,5/25/2012,1/20/2014,Express Shipping,6998,Lucia Kittiman,Home Office,United States,Los Angeles,California,90094,South,7872,Office Supplies,Paper,Chair,601.93,45,0.36,372.04
4456,2/18/2019,12/10/2021,Same Day Shipping,8524,Nanon Seaman,Consumer,United States,Sacramento,California,95813,West,6382,Office Supplies,Phones,Phone,206.01,95,0.33,398.57
4494,3/16/2021,9/4/2017,Same Day Shipping,2972,Lydon Hand,Home Office,United States,San Francisco,California,94132,North,8599,Office Supplies,Laptops,Laptop,53.72,10,0.22,408.14
3744,12/12/2014,11/24/2018,Same Day Shipping,3175,Kelly Ingram,Consumer,United States,Sacramento,California,95852,North,7132,Furniture,Phones,Pen,34.52,76,0.17,333.91
7536,9/3/2014,5/14/2014,Standard Shipping,5758,Giana Sweetnam,Corporate,United States,Irvine,California,92619,South,7803,Office Supplies,Pens,Pen,150.66,33,0.05,469.53
8422,9/20/2014,9/10/2018,Express Shipping,2272,Leila Keitley,Consumer,United States,Santa Barbara,California,93106,West,9788,Technology,Pens,Pen,725.37,62,0.19,304.67
7725,1/16/2020,10/6/2012,Same Day Shipping,3413,Amabel Skillings,Corporate,United States,Sacramento,California,95852,East,5722,Furniture,Pens,Table,385.62,66,0.09,187.03
2612,1/28/2019,8/17/2020,Same Day Shipping,4810,Read Iveagh,Corporate,United States,Pasadena,California,91131,East,1604,Technology,Paper,Laptop,162.85,33,0.49,446.97
7093,4/28/2013,6/2/2014,Standard Shipping,4092,Lorette Banaszczyk,Corporate,United States,Chico,California,95973,South,6021,Furniture,Tables,Chair,294.13,37,0.34,299.95
8616,7/22/2012,8/26/2018,Standard Shipping,2756,Mara Pinilla,Corporate,United States,Mountain View,California,94042,North,9290,Furniture,Paper,Table,221.23,87,0.33,122.1
5257,6/24/2015,11/28/2014,Same Day Shipping,5201,Devina O'Scannill,Corporate,United States,San Jose,California,95108,South,6890,Office Supplies,Laptops,Pen,546.02,54,0.13,127.28
5055,5/4/2021,10/1/2017,Standard Shipping,9978,Suzette Brimmicombe,Corporate,United States,Sacramento,California,94207,East,3799,Technology,Tables,Table,99.78,49,0.4,230.17
2408,9/8/2012,7/1/2015,Standard Shipping,1303,Flossi Sellor,Home Office,United States,San Jose,California,95123,North,7784,Office Supplies,Tables,Paper,350.75,38,0.25,479.13
5284,12/14/2021,10/30/2017,Same Day Shipping,5912,Joane Pellitt,Consumer,United States,San Diego,California,92105,West,4121,Technology,Phones,Laptop,747.36,87,0.02,221.11
2790,2/7/2021,1/31/2022,Express Shipping,2401,Lynn Weyman,Corporate,United States,Stockton,California,95205,North,2476,Furniture,Phones,Paper,578.92,31,0.27,207.9
1617,9/3/2013,4/4/2020,Same Day Shipping,2196,Quinlan Dingwall,Consumer,United States,Los Angeles,California,90035,West,6283,Furniture,Laptops,Laptop,763.47,79,0.01,344.37
5263,6/4/2019,4/6/2016,Standard Shipping,9998,Marquita Kraft,Home Office,United States,Los Angeles,California,90045,East,1944,Technology,Chairs,Pen,554.24,56,0.08,195.2
6629,7/3/2021,1/11/2016,Express Shipping,5039,Norry Aldritt,Corporate,United States,San Francisco,California,94110,East,2525,Technology,Paper,Laptop,284.68,20,0.11,242.4
6985,7/25/2018,8/22/2022,Standard Shipping,6491,Ursuline Laidlow,Corporate,United States,Lancaster,California,93584,North,8579,Technology,Laptops,Chair,757.22,96,0.1,345.53
4948,4/1/2020,11/17/2019,Same Day Shipping,3901,Clarance Creaven,Consumer,United States,Chico,California,95973,West,8188,Furniture,Chairs,Chair,426.58,21,0.34,134.18
8970,1/5/2021,6/18/2014,Standard Shipping,7765,Reidar Brizell,Consumer,United States,Los Angeles,California,90055,South,6552,Office Supplies,Laptops,Laptop,918.52,14,0.5,313.39
4206,1/24/2016,3/30/2010,Same Day Shipping,3439,Penny Larratt,Home Office,United States,Torrance,California,90505,West,9288,Office Supplies,Pens,Laptop,9.94,81,0.13,184.32
2226,5/20/2012,10/5/2021,Standard Shipping,5999,Isadore Gapper,Corporate,United States,Fresno,California,93726,East,6375,Furniture,Chairs,Laptop,502.27,93,0.21,341.99
7878,1/10/2020,9/21/2021,Same Day Shipping,5384,Josey Godon,Corporate,United States,San Jose,California,95113,North,7710,Furniture,Chairs,Pen,200.88,45,0.45,326.52
6654,5/31/2014,3/14/2020,Standard Shipping,7731,Ruthie Brotheridge,Consumer,United States,San Rafael,California,94913,East,1459,Furniture,Paper,Phone,198.59,46,0.24,186.33
7892,8/25/2011,4/26/2021,Same Day Shipping,4813,Tessy Torricella,Corporate,United States,Sacramento,California,94291,East,3748,Furniture,Paper,Laptop,772.46,62,0.29,193.87
3332,3/24/2020,8/14/2015,Same Day Shipping,6542,Ezmeralda Hay,Consumer,United States,San Francisco,California,94159,East,7355,Technology,Tables,Phone,175.5,49,0.48,210.5
8515,5/20/2014,2/13/2013,Same Day Shipping,7079,Gaylor Emson,Home Office,United States,Sacramento,California,95894,North,4439,Technology,Pens,Phone,1.53,95,0.27,259.65
6621,9/5/2011,8/16/2022,Same Day Shipping,7138,Carlin MacAnespie,Corporate,United States,Sacramento,California,94273,North,4937,Furniture,Tables,Paper,984.11,40,0.11,454.32
8309,8/6/2021,5/10/2019,Express Shipping,9483,Tremain Blann,Corporate,United States,Los Angeles,California,90040,North,5646,Furniture,Paper,Table,429.07,75,0.26,273.66
2046,5/10/2016,4/21/2011,Same Day Shipping,4413,Brade Keener,Corporate,United States,Garden Grove,California,92645,East,4923,Office Supplies,Paper,Phone,602.91,26,0.02,446.04
6114,7/3/2020,2/13/2019,Standard Shipping,3026,Lynn Melding,Home Office,United States,Orange,California,92668,East,9600,Technology,Phones,Laptop,580.25,53,0.38,325.02
1084,3/30/2019,4/27/2017,Standard Shipping,7517,Ronica Wedon,Consumer,United States,San Francisco,California,94132,North,9820,Technology,Paper,Phone,22.85,32,0.23,393.67
6449,9/18/2010,3/18/2011,Standard Shipping,3594,Cthrine Norbury,Home Office,United States,San Diego,California,92191,East,2126,Technology,Chairs,Laptop,316.4,52,0.2,452.72
5009,8/27/2017,5/18/2012,Express Shipping,5625,Chaddy Shoesmith,Consumer,United States,San Diego,California,92132,East,7399,Technology,Chairs,Table,995.57,51,0.48,376.3
8225,11/16/2020,12/19/2014,Same Day Shipping,2192,Rhett Stuckes,Consumer,United States,Fresno,California,93704,South,9236,Furniture,Tables,Table,128.08,63,0.24,430.82
7898,5/25/2020,3/11/2011,Same Day Shipping,5535,Hinda Cluse,Corporate,United States,Santa Barbara,California,93106,East,1397,Office Supplies,Phones,Table,994.42,89,0.31,147.71
1638,6/18/2018,9/8/2019,Standard Shipping,9759,Marcellina Croad,Corporate,United States,Oakland,California,94611,North,1407,Technology,Laptops,Paper,314.99,70,0.32,345.73
7878,12/2/2021,8/7/2016,Same Day Shipping,6786,Alejandrina Stuther,Corporate,United States,Fresno,California,93773,East,9244,Furniture,Tables,Laptop,215.79,51,0.39,303.17
3877,10/12/2017,8/19/2014,Same Day Shipping,9262,Donia MacKim,Corporate,United States,Pasadena,California,91199,North,9545,Technology,Tables,Pen,321.54,54,0.38,354.24
7247,8/17/2012,7/3/2021,Standard Shipping,7480,Aleen Tiplady,Home Office,United States,San Jose,California,95113,South,7544,Office Supplies,Pens,Phone,657.48,90,0.24,190.54
6163,4/5/2018,1/12/2010,Express Shipping,9878,Adlai Selman,Home Office,United States,Huntington Beach,California,92648,South,1204,Furniture,Pens,Table,87.14,77,0.14,376.37
9115,4/13/2012,10/17/2022,Standard Shipping,7844,Roxine Hamsson,Corporate,United States,Inglewood,California,90305,West,3715,Furniture,Paper,Phone,82.99,94,0.43,497.96
3611,11/16/2016,6/4/2014,Standard Shipping,2890,Julie Frossell,Home Office,United States,Lancaster,California,93584,South,3944,Office Supplies,Tables,Chair,777.68,98,0.28,235.97
5238,6/28/2016,4/26/2010,Express Shipping,7280,Fawnia Thacke,Corporate,United States,Santa Barbara,California,93106,North,8486,Furniture,Tables,Paper,742.35,84,0.37,338.63
7315,7/5/2015,9/11/2016,Standard Shipping,2915,Dorita Brunning,Home Office,United States,Pasadena,California,91199,East,1920,Office Supplies,Laptops,Chair,813.85,24,0.22,361.4
1813,8/31/2021,8/22/2017,Same Day Shipping,9790,Madelle Kirtley,Home Office,United States,Fresno,California,93715,South,5138,Furniture,Pens,Table,383.2,85,0.21,187.19
3774,1/20/2018,8/26/2022,Express Shipping,4101,Merla Purse,Home Office,United States,Los Angeles,California,90030,South,4091,Furniture,Chairs,Table,803.85,23,0.45,126.34
6576,3/18/2013,4/15/2015,Standard Shipping,3478,Karel Sudworth,Corporate,United States,Huntington Beach,California,92648,South,8018,Technology,Paper,Phone,270.13,18,0.04,123.76
8472,8/17/2021,10/15/2012,Same Day Shipping,8060,Glenda Jeyness,Home Office,United States,San Jose,California,95123,East,5349,Office Supplies,Chairs,Paper,262.85,80,0.21,135.67
7139,10/20/2022,8/5/2017,Express Shipping,2030,Danika Corkel,Consumer,United States,Los Angeles,California,90030,North,4116,Office Supplies,Chairs,Paper,103.0,35,0.46,257.84
2748,11/7/2011,11/5/2017,Same Day Shipping,6165,Queenie McGing,Corporate,United States,Fresno,California,93773,West,8932,Technology,Tables,Pen,650.33,17,0.46,498.23
2178,4/27/2018,12/29/2011,Express Shipping,9847,Garland McCosh,Consumer,United States,Bakersfield,California,93311,South,6867,Office Supplies,Chairs,Phone,404.15,76,0.35,262.48
8888,2/4/2019,6/18/2020,Express Shipping,7938,Alexei Burg,Home Office,United States,Oakland,California,94627,South,2961,Office Supplies,Paper,Pen,9.94,72,0.34,142.21
4106,3/2/2010,3/4/2016,Standard Shipping,5497,Gay Walsham,Corporate,United States,Pasadena,California,91103,South,1080,Office Supplies,Paper,Table,137.64,48,0.05,385.23
5069,12/13/2011,9/9/2017,Standard Shipping,8967,Giustina Giacomucci,Home Office,United States,Los Angeles,California,90030,South,4385,Furniture,Tables,Chair,273.26,62,0.21,440.32
3805,8/26/2012,9/18/2014,Same Day Shipping,6360,Lorry Gherardelli,Consumer,United States,San Diego,California,92170,South,6901,Furniture,Phones,Phone,178.03,38,0.35,485.62
7384,12/7/2017,11/10/2014,Standard Shipping,4378,Ame Siddeley,Consumer,United States,San Diego,California,92191,West,3907,Furniture,Paper,Chair,986.84,99,0.01,404.58
2725,5/31/2011,1/18/2022,Same Day Shipping,3188,Annnora Marmion,Consumer,United States,Sacramento,California,94291,East,3335,Furniture,Chairs,Laptop,505.25,66,0.41,319.72
8381,11/28/2017,6/19/2011,Express Shipping,8963,Valina Swigger,Home Office,United States,Los Angeles,California,90055,South,4943,Furniture,Laptops,Phone,339.02,85,0.34,377.01
1885,4/10/2022,2/6/2020,Express Shipping,4617,Dallas Canby,Corporate,United States,San Francisco,California,94110,North,8348,Office Supplies,Chairs,Phone,63.23,67,0.1,380.96
5385,4/24/2021,1/15/2018,Same Day Shipping,1084,Jose Webermann,Consumer,United States,Oakland,California,94611,South,3561,Furniture,Chairs,Laptop,341.1,40,0.04,327.41
6131,9/14/2011,11/8/2018,Standard Shipping,9711,Rosabelle Ambresin,Corporate,United States,Sunnyvale,California,94089,South,1264,Office Supplies,Chairs,Paper,745.29,8,0.47,200.01
4829,6/9/2016,4/25/2019,Express Shipping,5456,Chase Shorthill,Home Office,United States,Los Angeles,California,90065,East,4147,Office Supplies,Paper,Paper,152.73,93,0.46,282.74
6795,10/7/2014,9/29/2013,Express Shipping,8054,Weylin Streeting,Home Office,United States,Los Angeles,California,90010,South,1677,Furniture,Tables,Phone,444.81,66,0.34,176.94
3756,3/20/2012,8/21/2010,Express Shipping,2473,Jorey Cumo,Corporate,United States,Corona,California,92878,South,9316,Office Supplies,Laptops,Laptop,573.86,88,0.32,101.95
3483,10/10/2010,6/1/2020,Standard Shipping,1545,Rycca Manley,Consumer,United States,San Jose,California,95138,West,5909,Office Supplies,Phones,Paper,874.6,15,0.05,326.2
9909,12/30/2017,5/11/2018,Same Day Shipping,7307,Gwenny Nance,Home Office,United States,Corona,California,92883,East,2326,Office Supplies,Laptops,Phone,730.52,45,0.22,403.48
8008,2/2/2017,3/22/2020,Same Day Shipping,9341,Tucker Hughes,Corporate,United States,Simi Valley,California,93094,North,9607,Furniture,Pens,Laptop,993.16,13,0.28,166.03
6648,6/26/2020,2/7/2020,Express Shipping,8067,Aloin Huzzay,Corporate,United States,Los Angeles,California,90055,South,8579,Office Supplies,Pens,Table,621.95,91,0.23,425.0
3490,7/7/2012,2/16/2017,Standard Shipping,7768,Giraud Norwood,Corporate,United States,San Jose,California,95160,North,6500,Office Supplies,Laptops,Laptop,462.73,57,0.15,131.73
6343,9/6/2022,9/11/2016,Express Shipping,5949,Chance McRuvie,Consumer,United States,Huntington Beach,California,92648,West,5090,Technology,Tables,Phone,565.81,13,0.27,429.56
6083,3/5/2017,4/4/2015,Standard Shipping,5228,Verile Slyvester,Home Office,United States,Stockton,California,95210,East,4465,Furniture,Chairs,Pen,810.76,37,0.24,110.29
4573,11/5/2012,10/14/2018,Same Day Shipping,7290,Mordecai Landreth,Consumer,United States,Fresno,California,93704,East,2994,Furniture,Laptops,Laptop,440.84,25,0.32,423.72
4588,6/20/2015,12/4/2014,Express Shipping,4916,Katleen McAlpine,Consumer,United States,Los Angeles,California,90076,West,8374,Technology,Chairs,Paper,288.28,15,0.43,238.51
1668,7/23/2017,8/10/2018,Same Day Shipping,1179,Aurie Saffin,Consumer,United States,San Bernardino,California,92415,North,2575,Office Supplies,Pens,Laptop,666.08,15,0.2,394.13
4784,9/8/2014,3/2/2018,Same Day Shipping,5056,Jorgan Nudd,Consumer,United States,Santa Barbara,California,93106,West,5634,Furniture,Pens,Pen,354.13,33,0.16,406.59
9803,7/4/2010,4/16/2015,Express Shipping,1043,Raymund Merricks,Home Office,United States,Oakland,California,94622,North,3680,Technology,Phones,Pen,894.85,19,0.46,410.11
1694,5/10/2011,5/12/2012,Express Shipping,3866,Ulberto Brodhead,Consumer,United States,Simi Valley,California,93094,East,4141,Office Supplies,Pens,Paper,863.42,18,0.07,225.4
2540,3/16/2012,7/29/2010,Express Shipping,8287,Hendrik Hassan,Home Office,United States,Sacramento,California,94263,South,4521,Technology,Laptops,Paper,730.45,8,0.23,332.33
8390,7/7/2011,8/24/2020,Standard Shipping,8655,Mendie Castledine,Home Office,United States,Bakersfield,California,93305,South,1419,Technology,Pens,Laptop,675.92,43,0.05,405.22
2451,2/23/2011,1/30/2022,Express Shipping,1203,Marin Davidovits,Corporate,United States,Sacramento,California,94273,North,2508,Technology,Pens,Laptop,531.92,91,0.37,224.17
1305,9/18/2016,10/22/2018,Standard Shipping,1061,Daphene Hamblin,Home Office,United States,Whittier,California,90605,East,5093,Furniture,Phones,Phone,212.06,57,0.14,478.86
2749,3/29/2022,12/9/2016,Express Shipping,7926,Tandie O'Flaverty,Home Office,United States,Garden Grove,California,92844,North,4888,Furniture,Laptops,Pen,184.39,59,0.0,416.9
2194,1/7/2018,1/15/2010,Same Day Shipping,7576,Alecia Farncomb,Consumer,United States,Salinas,California,93907,East,1612,Office Supplies,Paper,Paper,307.28,26,0.14,239.03
7482,9/3/2019,7/14/2012,Express Shipping,9710,Greggory Olivo,Corporate,United States,San Jose,California,95123,East,5332,Technology,Paper,Paper,851.73,41,0.34,186.53
9486,4/8/2014,4/28/2017,Express Shipping,4401,Jillana Dumphry,Consumer,United States,San Francisco,California,94159,East,3943,Office Supplies,Paper,Phone,871.28,25,0.49,140.94
8026,1/20/2017,4/9/2015,Standard Shipping,9557,Emlyn Fynan,Consumer,United States,San Diego,California,92127,South,4498,Furniture,Pens,Laptop,571.82,1,0.16,329.55
3821,11/3/2020,1/10/2015,Express Shipping,9503,Karine Asher,Corporate,United States,Lancaster,California,93584,South,9275,Furniture,Tables,Chair,998.32,19,0.03,451.27
2226,4/29/2011,6/24/2017,Express Shipping,7276,Brnaba Gheraldi,Home Office,United States,Lancaster,California,93584,West,9609,Technology,Phones,Paper,122.46,94,0.48,113.77
2071,9/18/2012,6/16/2019,Standard Shipping,8927,Phelia Nimmo,Home Office,United States,San Diego,California,92153,South,1031,Furniture,Pens,Chair,451.16,73,0.12,178.78
3138,4/30/2013,10/3/2011,Same Day Shipping,3972,Danica Boomes,Consumer,United States,Whittier,California,90610,West,2115,Technology,Pens,Phone,825.99,59,0.1,359.94
4744,5/19/2017,7/27/2017,Standard Shipping,4886,Bran Stellino,Corporate,United States,Newport Beach,California,92662,East,7634,Office Supplies,Chairs,Chair,671.2,58,0.44,313.22
8060,7/28/2011,3/30/2012,Same Day Shipping,3173,Val Pennick,Consumer,United States,Richmond,California,94807,East,7245,Office Supplies,Chairs,Table,459.54,88,0.47,187.73
5973,10/27/2016,4/5/2014,Standard Shipping,3420,Orv Dillicate,Home Office,United States,Fresno,California,93715,East,9904,Office Supplies,Phones,Paper,747.35,33,0.15,465.78
6412,11/22/2015,2/15/2011,Same Day Shipping,8507,Torey Keaysell,Corporate,United States,San Diego,California,92110,East,3613,Technology,Tables,Table,6.51,26,0.1,406.21
8801,9/22/2019,8/6/2013,Express Shipping,7051,Veronique Guidera,Home Office,United States,Los Angeles,California,90040,West,8234,Office Supplies,Phones,Pen,112.65,8,0.16,470.74
2766,1/18/2010,5/25/2022,Standard Shipping,4214,Eldon Calan,Corporate,United States,San Francisco,California,94121,South,6456,Technology,Tables,Laptop,176.97,37,0.49,261.37
5964,2/27/2020,7/10/2016,Same Day Shipping,7400,Charlene Rodinger,Home Office,United States,Inglewood,California,90305,West,8535,Technology,Chairs,Laptop,381.52,5,0.09,249.09
2504,6/2/2016,8/10/2021,Same Day Shipping,8802,Lalo Trase,Consumer,United States,San Jose,California,95128,East,7025,Technology,Laptops,Chair,672.43,18,0.1,459.15
9820,9/17/2016,8/15/2010,Standard Shipping,2650,Valina Danko,Consumer,United States,Los Angeles,California,90045,North,2595,Office Supplies,Phones,Laptop,934.28,72,0.05,101.35
4901,5/27/2010,12/21/2013,Standard Shipping,2770,Albie Carslake,Consumer,United States,Sacramento,California,94237,West,4331,Technology,Tables,Chair,691.58,79,0.29,141.63
7595,3/15/2010,2/5/2020,Express Shipping,1098,Matilde Mumm,Home Office,United States,Sacramento,California,94250,North,9683,Technology,Phones,Pen,16.71,52,0.3,465.39
4114,1/31/2010,2/23/2022,Standard Shipping,4252,Lydon Charnley,Corporate,United States,Garden Grove,California,92645,East,7259,Office Supplies,Pens,Phone,179.19,86,0.34,202.09
5996,2/10/2018,9/23/2017,Standard Shipping,8795,Marissa Holdren,Home Office,United States,San Diego,California,92170,North,9309,Technology,Chairs,Pen,714.37,59,0.03,132.57
9823,7/23/2018,7/27/2015,Standard Shipping,9636,Joann Doleman,Corporate,United States,Sacramento,California,95833,East,1323,Technology,Tables,Phone,49.76,34,0.4,349.06
7458,3/2/2014,3/30/2022,Express Shipping,9091,Vanda Gillison,Corporate,United States,Mountain View,California,94042,South,3751,Furniture,Tables,Paper,867.1,90,0.38,398.18
5493,4/27/2020,8/14/2018,Express Shipping,4926,Dyanna Chittim,Home Office,United States,Fullerton,California,92835,West,4661,Office Supplies,Paper,Chair,822.23,82,0.35,301.54
5313,9/19/2016,5/18/2016,Standard Shipping,5136,Chrystal Ennever,Corporate,United States,Bakersfield,California,93311,West,5693,Office Supplies,Chairs,Phone,385.9,31,0.14,260.95
1836,8/9/2016,8/20/2011,Standard Shipping,4709,Desdemona Gallihaulk,Corporate,United States,Garden Grove,California,92645,West,8443,Office Supplies,Phones,Phone,309.39,54,0.25,112.48
5723,11/19/2012,7/7/2015,Same Day Shipping,3897,Millicent Smoth,Home Office,United States,Sacramento,California,94273,South,3366,Technology,Paper,Phone,845.15,23,0.16,346.26
1648,11/28/2010,3/2/2020,Same Day Shipping,5129,Pip Roscoe,Home Office,United States,San Jose,California,95138,North,8483,Furniture,Phones,Chair,485.89,95,0.49,465.86
5890,8/31/2012,9/26/2013,Express Shipping,9757,Flossy Ruzicka,Home Office,United States,Long Beach,California,90831,East,5655,Technology,Chairs,Chair,814.98,4,0.37,404.19
9311,10/8/2020,6/17/2019,Same Day Shipping,7094,Audy Mallabar,Consumer,United States,Lancaster,California,93584,West,5891,Office Supplies,Tables,Paper,848.62,14,0.05,104.44
8673,12/20/2012,4/21/2010,Same Day Shipping,5253,Grover McParland,Home Office,United States,San Diego,California,92165,North,8698,Furniture,Pens,Pen,811.79,27,0.01,216.17
9778,6/15/2021,5/10/2015,Express Shipping,5803,Scarface Daubeny,Corporate,United States,Lancaster,California,93584,West,2877,Office Supplies,Pens,Paper,842.03,42,0.46,221.08
3876,4/18/2013,8/4/2010,Express Shipping,8681,Ginni Roselli,Consumer,United States,Whittier,California,90605,East,2857,Office Supplies,Laptops,Table,385.37,99,0.25,258.77
3953,11/23/2019,8/22/2012,Same Day Shipping,8023,Kylie Hoggins,Consumer,United States,Fresno,California,93773,South,3920,Technology,Phones,Laptop,807.0,66,0.12,381.74
6121,12/6/2011,10/16/2010,Standard Shipping,8157,Ernesta Keating,Consumer,United States,San Francisco,California,94132,North,5715,Furniture,Chairs,Phone,679.57,5,0.19,254.63
7210,7/31/2013,8/12/2014,Same Day Shipping,6754,Mia Alvarado,Consumer,United States,Garden Grove,California,92645,East,5862,Office Supplies,Phones,Phone,658.1,85,0.2,289.12
2635,9/16/2011,4/9/2017,Standard Shipping,2473,Dominick Chaplain,Consumer,United States,Santa Barbara,California,93106,South,5388,Technology,Pens,Paper,123.72,11,0.36,271.97
3163,5/11/2013,7/10/2015,Express Shipping,3668,Alvy Kulis,Corporate,United States,Los Angeles,California,90076,South,3170,Technology,Laptops,Laptop,32.19,39,0.0,324.08
6087,8/14/2017,11/8/2013,Express Shipping,4261,Henrietta Dearth,Consumer,United States,Irvine,California,92619,North,3626,Furniture,Chairs,Laptop,648.18,66,0.35,210.87
6830,2/12/2016,12/29/2022,Standard Shipping,8798,Lanette Fullom,Corporate,United States,Corona,California,92883,East,6368,Technology,Laptops,Pen,350.44,37,0.04,360.01
4496,6/19/2014,10/17/2021,Same Day Shipping,7883,Finn Hadkins,Consumer,United States,Bakersfield,California,93311,North,6058,Technology,Laptops,Laptop,825.66,15,0.29,127.39
2037,8/14/2019,11/29/2018,Standard Shipping,6788,Antoni Rassmann,Home Office,United States,San Francisco,California,94154,West,2250,Technology,Pens,Laptop,43.52,76,0.34,393.72
1386,1/4/2012,7/3/2016,Express Shipping,4752,Nil Neely,Home Office,United States,Sacramento,California,94291,North,4844,Office Supplies,Paper,Phone,395.16,3,0.11,268.89
3729,9/22/2015,5/15/2017,Express Shipping,4028,Byram Summerley,Corporate,United States,Corona,California,92883,West,3275,Furniture,Phones,Laptop,145.6,46,0.12,408.23
9091,8/24/2016,6/14/2013,Standard Shipping,2574,Verge Paddy,Corporate,United States,Sacramento,California,95894,South,2090,Office Supplies,Paper,Phone,277.34,18,0.1,179.92
5185,6/23/2020,7/2/2018,Standard Shipping,5191,Aylmer Eard,Corporate,United States,Oakland,California,94611,South,8285,Technology,Phones,Paper,332.12,86,0.3,375.48
9174,8/3/2014,8/11/2022,Standard Shipping,8392,Winifred Clackson,Home Office,United States,Sacramento,California,94291,East,6934,Furniture,Pens,Table,73.75,21,0.16,345.45
2389,4/23/2014,9/12/2015,Same Day Shipping,1740,Verne Whitmore,Corporate,United States,Sacramento,California,94237,West,5722,Furniture,Phones,Laptop,295.91,19,0.19,188.89
9441,1/5/2019,12/16/2015,Standard Shipping,1519,Shannan Cato,Corporate,United States,Irvine,California,92619,East,6112,Technology,Laptops,Laptop,49.64,93,0.03,323.63
3804,11/11/2012,7/17/2017,Same Day Shipping,9660,Iris Serot,Home Office,United States,San Jose,California,95108,East,7443,Technology,Phones,Paper,549.66,65,0.49,152.69
2660,11/27/2019,1/15/2019,Same Day Shipping,8145,Sherry Baiss,Home Office,United States,San Bernardino,California,92415,East,2325,Furniture,Pens,Pen,635.87,31,0.42,256.91
6765,5/19/2021,3/31/2016,Same Day Shipping,2062,Alisander Geere,Home Office,United States,San Jose,California,95160,East,5764,Furniture,Laptops,Table,825.35,50,0.05,136.05
9105,3/9/2016,7/5/2010,Same Day Shipping,5663,Janet Strongitharm,Corporate,United States,Stockton,California,95210,East,4968,Technology,Tables,Pen,32.76,41,0.02,276.6
8613,8/28/2018,4/7/2010,Express Shipping,4151,Dorette Dennerly,Consumer,United States,Sacramento,California,95894,North,4989,Technology,Tables,Phone,667.88,62,0.04,377.4
3661,1/29/2010,4/21/2021,Standard Shipping,8393,Corey Igo,Corporate,United States,Santa Monica,California,90410,South,7413,Office Supplies,Laptops,Table,450.62,42,0.37,338.52
1221,9/3/2018,5/25/2013,Standard Shipping,1172,Cly Windows,Home Office,United States,San Francisco,California,94110,West,7942,Technology,Pens,Paper,205.33,44,0.49,415.63
3333,3/10/2013,3/30/2018,Express Shipping,7011,Wit Brear,Home Office,United States,Sacramento,California,95818,West,7479,Office Supplies,Phones,Chair,506.4,79,0.23,201.26
9372,3/29/2012,6/25/2020,Standard Shipping,6162,Melvin Scrammage,Consumer,United States,Fresno,California,93762,South,8418,Furniture,Phones,Paper,347.85,27,0.38,402.91
4169,12/7/2022,6/30/2015,Same Day Shipping,3904,Archer Ryland,Corporate,United States,Fullerton,California,92640,North,1571,Office Supplies,Phones,Table,915.86,54,0.26,210.57
2318,8/5/2016,10/2/2018,Standard Shipping,6803,Martguerita Lissandre,Consumer,United States,Salinas,California,93907,East,9750,Furniture,Tables,Laptop,768.16,90,0.23,312.28
5729,3/11/2020,8/8/2017,Express Shipping,5121,Francois Sillick,Consumer,United States,Los Angeles,California,90094,South,7106,Office Supplies,Tables,Chair,728.7,70,0.48,199.72
4387,6/20/2012,3/1/2011,Standard Shipping,9250,Jacintha Longhorne,Corporate,United States,Irvine,California,92619,South,1118,Furniture,Phones,Phone,325.82,88,0.1,454.08
6772,3/12/2014,4/26/2016,Same Day Shipping,6827,Kit Bustard,Consumer,United States,Fresno,California,93704,South,5239,Technology,Paper,Chair,806.51,20,0.06,495.64
3800,5/3/2022,4/20/2013,Same Day Shipping,5967,Dione Strode,Consumer,United States,Garden Grove,California,92645,South,2355,Furniture,Laptops,Phone,979.12,24,0.24,318.02
7180,12/25/2019,9/5/2019,Express Shipping,3932,Carmelina Foskett,Corporate,United States,Alhambra,California,91841,South,2014,Office Supplies,Paper,Phone,51.5,97,0.01,495.98
7355,2/8/2019,2/14/2011,Same Day Shipping,1029,Alberik Welbeck,Corporate,United States,San Jose,California,95194,East,1063,Technology,Phones,Paper,449.93,2,0.49,403.26
7899,5/19/2011,4/18/2022,Standard Shipping,7423,Ulick Carloni,Corporate,United States,Los Angeles,California,90076,South,4270,Furniture,Phones,Chair,647.28,62,0.44,396.96
8923,2/11/2022,3/8/2010,Standard Shipping,7973,Lyndy Bestwick,Corporate,United States,San Francisco,California,94121,North,9304,Technology,Tables,Chair,169.58,44,0.35,464.16
4737,4/17/2022,10/8/2017,Standard Shipping,1850,Fleming McCloud,Home Office,United States,Santa Monica,California,90410,West,9156,Technology,Laptops,Phone,268.31,17,0.08,267.53
6688,6/17/2017,5/17/2019,Standard Shipping,5015,Clyde Abrashkin,Home Office,United States,Simi Valley,California,93094,South,6177,Office Supplies,Paper,Paper,44.11,76,0.09,369.64
5420,3/1/2018,2/19/2010,Same Day Shipping,5135,Garland Presley,Consumer,United States,Pasadena,California,91117,South,3019,Furniture,Chairs,Paper,695.0,3,0.29,358.74
9125,2/7/2019,7/16/2022,Standard Shipping,5831,Marcia Fettes,Consumer,United States,San Jose,California,95160,South,9975,Furniture,Chairs,Pen,829.63,56,0.1,456.59
6574,5/2/2012,11/13/2021,Same Day Shipping,3538,Caprice Blackster,Corporate,United States,Garden Grove,California,92645,East,2782,Furniture,Tables,Laptop,445.86,94,0.24,197.94
1660,5/23/2018,12/31/2010,Same Day Shipping,7740,Chantalle Chimes,Corporate,United States,San Diego,California,92165,South,1606,Technology,Paper,Pen,563.46,64,0.4,356.87
9534,10/16/2019,9/8/2017,Standard Shipping,4965,Ermengarde Youens,Corporate,United States,Los Angeles,California,90045,North,1459,Technology,Pens,Table,579.93,38,0.26,147.01
3249,6/27/2018,8/25/2020,Express Shipping,5230,Avivah Shingles,Consumer,United States,Burbank,California,91505,East,1057,Furniture,Laptops,Chair,459.88,16,0.27,409.52
5757,8/10/2013,5/5/2020,Standard Shipping,2055,Dick Deppen,Corporate,United States,Pasadena,California,91117,North,4265,Office Supplies,Paper,Chair,477.96,86,0.13,241.82
2622,11/3/2021,7/1/2013,Express Shipping,6437,Tedmund Durant,Home Office,United States,Van Nuys,California,91406,North,3328,Technology,Pens,Phone,108.51,93,0.06,476.75
5446,8/24/2021,5/4/2011,Same Day Shipping,6436,Lorne Picopp,Consumer,United States,Fresno,California,93762,South,6431,Furniture,Chairs,Pen,805.34,63,0.1,257.16
4146,9/22/2021,1/3/2014,Same Day Shipping,3595,Dannie Fassbender,Consumer,United States,Corona,California,92883,East,1482,Office Supplies,Phones,Chair,938.74,90,0.44,436.86
6777,5/6/2016,12/12/2015,Standard Shipping,2111,Colly Dumini,Home Office,United States,Sacramento,California,94207,East,5547,Furniture,Laptops,Table,24.96,16,0.31,134.4
2492,11/20/2013,8/3/2016,Express Shipping,9731,Rodd Wardingly,Consumer,United States,Oakland,California,94627,East,9560,Technology,Chairs,Pen,151.94,80,0.34,128.84
2028,3/12/2019,8/19/2012,Same Day Shipping,3608,Odilia Gisburne,Corporate,United States,Los Angeles,California,90035,East,5934,Furniture,Pens,Table,199.28,93,0.28,291.27
9914,6/8/2014,10/1/2017,Same Day Shipping,3208,Lilllie Gerard,Home Office,United States,Stockton,California,95210,North,8447,Furniture,Phones,Phone,416.77,19,0.12,384.48
4687,8/17/2014,8/8/2015,Standard Shipping,5894,Ty Colley,Corporate,United States,Irvine,California,92619,North,9546,Office Supplies,Chairs,Chair,142.83,82,0.02,101.45
3647,3/6/2012,2/5/2021,Same Day Shipping,6551,Granny Knoles,Consumer,United States,Simi Valley,California,93094,North,8383,Technology,Tables,Paper,69.18,64,0.17,298.59
6563,9/9/2017,4/23/2018,Same Day Shipping,3789,Leontyne Ough,Home Office,United States,Santa Barbara,California,93106,West,3620,Office Supplies,Paper,Pen,384.29,73,0.03,393.19
4704,4/20/2010,1/16/2017,Express Shipping,4718,Grissel Meekin,Corporate,United States,San Jose,California,95160,East,8310,Furniture,Laptops,Pen,609.36,39,0.12,484.32
9159,11/29/2011,2/25/2011,Same Day Shipping,8376,Nerty Eich,Consumer,United States,Sacramento,California,94250,South,5558,Technology,Phones,Table,371.34,1,0.36,237.03
5678,4/17/2017,2/15/2011,Same Day Shipping,5932,Alex Le febre,Corporate,United States,Sacramento,California,94250,East,8761,Furniture,Chairs,Phone,296.68,51,0.19,499.84
4177,11/25/2017,9/4/2015,Same Day Shipping,7526,Lyda Nemchinov,Consumer,United States,Los Angeles,California,90035,East,9219,Office Supplies,Phones,Laptop,466.31,62,0.3,445.43
3620,2/11/2014,1/17/2018,Express Shipping,4189,Jocko Bucham,Home Office,United States,Chico,California,95973,South,1575,Technology,Chairs,Laptop,127.0,39,0.26,364.37
5084,2/15/2020,9/21/2019,Same Day Shipping,4746,Fidelia O'Crotty,Consumer,United States,Simi Valley,California,93094,East,2835,Office Supplies,Chairs,Phone,73.12,99,0.43,456.59
1501,8/29/2021,3/11/2015,Same Day Shipping,5834,Cheslie Andreolli,Consumer,United States,San Francisco,California,94110,North,8240,Technology,Laptops,Laptop,529.29,10,0.07,471.71
4888,5/2/2014,1/15/2020,Express Shipping,3462,Byrann Double,Consumer,United States,San Francisco,California,94110,West,6619,Office Supplies,Pens,Phone,697.31,55,0.37,484.81
1845,5/23/2020,12/24/2011,Same Day Shipping,4106,Kim Raitie,Corporate,United States,Santa Barbara,California,93106,East,5623,Office Supplies,Paper,Phone,934.4,49,0.15,273.96
6370,5/3/2019,9/6/2013,Express Shipping,4345,Inge Nore,Corporate,United States,Sacramento,California,94291,East,8894,Furniture,Chairs,Chair,434.49,90,0.15,188.44
8184,11/14/2011,6/1/2022,Standard Shipping,3799,Shepard Temple,Corporate,United States,Los Angeles,California,90071,West,4720,Office Supplies,Chairs,Paper,238.14,83,0.27,105.62
9548,2/18/2017,12/4/2018,Express Shipping,4002,Yevette Siaspinski,Home Office,United States,San Diego,California,92127,East,9037,Technology,Laptops,Laptop,592.11,11,0.1,360.59
6624,2/24/2018,1/7/2013,Express Shipping,2340,Danyelle Culshaw,Home Office,United States,Los Angeles,California,90065,West,3671,Technology,Pens,Laptop,859.17,64,0.04,333.44
7091,2/28/2020,8/21/2017,Express Shipping,8311,Bevan Teliga,Corporate,United States,Anaheim,California,92825,West,3170,Office Supplies,Tables,Chair,293.89,17,0.24,278.52
7783,10/10/2010,1/23/2016,Standard Shipping,7493,Brendon Burchill,Corporate,United States,Oakland,California,94611,West,8733,Office Supplies,Pens,Chair,786.53,8,0.05,390.39
8284,12/8/2019,10/2/2019,Same Day Shipping,1383,Broddie Corrado,Home Office,United States,San Jose,California,95160,North,9700,Technology,Chairs,Pen,342.94,21,0.43,446.28
6570,4/1/2017,8/11/2015,Standard Shipping,7411,Perla Belford,Consumer,United States,Inglewood,California,90398,South,7705,Furniture,Chairs,Laptop,213.24,86,0.15,435.96
3441,7/8/2019,8/25/2010,Same Day Shipping,5019,Hansiain Halewood,Home Office,United States,Glendale,California,91210,North,7567,Furniture,Tables,Phone,451.73,37,0.09,201.98
4402,3/20/2020,2/19/2010,Same Day Shipping,1957,Edgard Atrill,Corporate,United States,Chico,California,95973,West,6691,Technology,Chairs,Laptop,424.86,34,0.16,488.07
3089,6/9/2010,3/10/2016,Same Day Shipping,6685,Darbee Booth-Jarvis,Corporate,United States,Fresno,California,93715,North,2833,Technology,Phones,Paper,516.47,27,0.31,495.52
1671,6/19/2022,3/9/2012,Same Day Shipping,9951,Myrta Scrivener,Consumer,United States,Van Nuys,California,91499,North,6307,Technology,Chairs,Chair,54.69,60,0.02,431.37
9562,1/3/2015,9/12/2016,Same Day Shipping,2657,Stoddard Sigert,Consumer,United States,San Francisco,California,94159,South,2970,Technology,Pens,Pen,711.31,58,0.07,455.74
6395,2/12/2010,9/29/2017,Same Day Shipping,7256,Alika Brixey,Home Office,United States,Garden Grove,California,92844,North,3825,Furniture,Laptops,Chair,890.05,99,0.36,481.87
7427,7/6/2012,5/3/2021,Standard Shipping,7172,Kippie Wisniowski,Home Office,United States,Petaluma,California,94975,East,7422,Furniture,Tables,Table,65.58,66,0.48,214.72
6149,8/18/2012,1/13/2012,Standard Shipping,8744,Verine McKeeman,Corporate,United States,Santa Monica,California,90410,East,2915,Technology,Pens,Pen,716.29,52,0.47,354.19
1083,1/27/2013,4/27/2016,Express Shipping,1736,Ivie Peyro,Home Office,United States,San Jose,California,95160,West,8690,Furniture,Paper,Laptop,807.07,92,0.15,493.73
7554,9/20/2016,11/7/2015,Standard Shipping,9532,Georgy Daveridge,Consumer,United States,Garden Grove,California,92844,East,6621,Technology,Pens,Laptop,241.84,35,0.23,265.65
3059,9/22/2022,10/21/2011,Standard Shipping,2512,Jess Pullar,Corporate,United States,Fresno,California,93726,South,5454,Office Supplies,Pens,Table,682.66,10,0.17,216.78
6485,3/5/2016,5/6/2010,Same Day Shipping,7179,Toma Videneev,Home Office,United States,Corona,California,92878,North,9259,Office Supplies,Tables,Pen,590.85,22,0.28,111.29
9212,7/31/2014,8/6/2022,Express Shipping,3928,Weider Slyme,Home Office,United States,Santa Monica,California,90410,North,8448,Furniture,Laptops,Chair,326.64,29,0.19,237.86
2238,1/17/2017,11/16/2015,Same Day Shipping,7167,Sauveur Bjerkan,Home Office,United States,Alhambra,California,91841,South,9607,Technology,Tables,Pen,808.71,7,0.03,305.77
1359,6/24/2011,1/12/2022,Express Shipping,2080,Matt Sherwill,Consumer,United States,Long Beach,California,90805,South,2138,Office Supplies,Pens,Paper,265.2,8,0.31,212.96
2360,9/20/2021,12/20/2021,Standard Shipping,6679,Otto Plenty,Corporate,United States,Corona,California,92878,North,7982,Office Supplies,Pens,Laptop,655.93,100,0.13,474.58
4540,11/26/2017,11/22/2022,Standard Shipping,3200,Giovanna Kemmons,Corporate,United States,Santa Ana,California,92725,North,4888,Technology,Chairs,Paper,598.44,33,0.44,126.91
8677,10/8/2018,2/27/2010,Express Shipping,9785,Heddi Milton-White,Home Office,United States,Burbank,California,91505,North,2984,Furniture,Pens,Laptop,10.26,16,0.41,165.63
8580,4/22/2018,11/25/2012,Same Day Shipping,8833,Godwin Schrir,Corporate,United States,San Diego,California,92132,West,9012,Technology,Paper,Phone,550.14,71,0.46,377.63
6046,1/26/2017,12/26/2016,Same Day Shipping,7947,Philly Goodby,Home Office,United States,Fresno,California,93762,North,4624,Office Supplies,Laptops,Phone,50.17,52,0.48,475.15
5610,12/29/2020,5/14/2014,Same Day Shipping,6686,Faustina Ronaghan,Corporate,United States,Huntington Beach,California,92648,South,9598,Office Supplies,Chairs,Laptop,560.36,100,0.46,435.98
6437,6/10/2014,1/17/2019,Standard Shipping,7179,Ignatius Ivashin,Home Office,United States,San Francisco,California,94159,East,3112,Furniture,Laptops,Chair,812.45,84,0.36,327.69
5595,3/27/2013,8/31/2013,Same Day Shipping,6008,Corbet Clemett,Consumer,United States,Long Beach,California,90805,West,8034,Technology,Tables,Chair,567.19,13,0.01,203.49
5345,9/21/2017,4/19/2014,Same Day Shipping,5120,Reba Dowell,Home Office,United States,Van Nuys,California,91499,West,7068,Furniture,Paper,Pen,135.34,72,0.14,369.38
8306,10/9/2017,5/3/2019,Standard Shipping,4904,Collete Bangham,Home Office,United States,San Diego,California,92176,North,3688,Furniture,Phones,Phone,40.92,24,0.17,381.05
3303,9/15/2010,10/29/2011,Express Shipping,7342,Cherish Obee,Corporate,United States,San Diego,California,92170,East,6691,Furniture,Paper,Table,591.15,21,0.39,286.63
9920,10/20/2011,11/8/2019,Same Day Shipping,5829,Joe Honisch,Corporate,United States,Simi Valley,California,93094,North,2670,Office Supplies,Phones,Table,351.37,14,0.47,385.62
9523,10/6/2011,9/9/2013,Express Shipping,7984,Robbie Cavil,Home Office,United States,Torrance,California,90505,East,4711,Office Supplies,Laptops,Laptop,886.23,22,0.21,241.64
6931,10/19/2018,2/18/2016,Express Shipping,9342,Isahella Dumingos,Consumer,United States,Pasadena,California,91186,East,8650,Office Supplies,Laptops,Table,525.35,37,0.34,288.69
9731,3/30/2015,6/12/2018,Same Day Shipping,7830,Lauree Headland,Corporate,United States,Sacramento,California,94297,East,8182,Technology,Tables,Pen,809.5,90,0.26,234.21
4619,11/8/2014,6/4/2014,Express Shipping,1213,Rafe Drache,Consumer,United States,Whittier,California,90610,West,3323,Furniture,Chairs,Table,773.74,4,0.14,367.98
7950,2/5/2012,9/20/2013,Same Day Shipping,1228,Carina Weston,Consumer,United States,San Diego,California,92127,South,8031,Office Supplies,Chairs,Pen,741.09,78,0.25,183.74
8167,6/15/2014,9/1/2022,Express Shipping,6942,Tony Brislane,Corporate,United States,Sacramento,California,94273,East,4116,Furniture,Pens,Chair,868.31,26,0.39,438.31
4679,10/4/2014,11/29/2012,Same Day Shipping,3253,Athene Inchcomb,Home Office,United States,Fresno,California,93704,North,1445,Technology,Pens,Table,361.47,11,0.0,155.36
6284,7/23/2013,7/9/2015,Same Day Shipping,5525,Nelia Chinery,Consumer,United States,Whittier,California,90610,South,1925,Furniture,Pens,Phone,351.04,30,0.42,161.75
7014,6/20/2022,12/30/2022,Same Day Shipping,5920,Flori Gingle,Corporate,United States,Long Beach,California,90831,East,5210,Furniture,Paper,Pen,972.32,13,0.27,466.76
8435,2/26/2022,3/26/2012,Standard Shipping,3855,Dex Maasze,Consumer,United States,Palmdale,California,93591,East,4463,Office Supplies,Pens,Phone,402.1,55,0.03,366.79
1171,12/15/2017,1/9/2015,Same Day Shipping,6578,Earl Gluyas,Corporate,United States,Fresno,California,93704,North,7495,Technology,Tables,Laptop,470.79,69,0.3,473.52
4282,9/18/2011,2/15/2016,Standard Shipping,9241,Athene Dolphin,Corporate,United States,Huntington Beach,California,92648,North,6380,Office Supplies,Pens,Chair,34.73,12,0.23,462.81
8653,1/25/2021,11/18/2011,Same Day Shipping,3950,Ralina Heindle,Corporate,United States,Fullerton,California,92835,West,2744,Technology,Paper,Table,707.6,40,0.49,383.82
6530,6/26/2015,1/25/2015,Same Day Shipping,5605,Kori Mazzei,Consumer,United States,Salinas,California,93907,West,2794,Technology,Laptops,Paper,252.84,24,0.4,164.52
4359,2/8/2019,3/20/2010,Express Shipping,6387,Cookie Simmons,Consumer,United States,Chico,California,95973,West,3583,Office Supplies,Chairs,Chair,900.06,48,0.38,120.64
6779,4/1/2016,4/24/2017,Standard Shipping,5854,Dedie Warsop,Consumer,United States,Los Angeles,California,90040,West,4072,Furniture,Chairs,Chair,220.42,57,0.22,113.36
1930,7/19/2019,6/10/2013,Same Day Shipping,5262,Adina Brydson,Home Office,United States,Sacramento,California,94263,North,8415,Technology,Paper,Pen,306.02,55,0.12,185.98
8648,5/3/2012,9/13/2022,Standard Shipping,9796,Chiquita Glassopp,Home Office,United States,Richmond,California,94807,North,7365,Technology,Phones,Phone,140.98,73,0.09,342.2
3004,9/7/2021,5/29/2010,Same Day Shipping,7449,Teresa Slowley,Consumer,United States,Santa Monica,California,90410,East,8476,Furniture,Pens,Pen,695.29,89,0.25,237.91
2250,12/21/2017,5/28/2019,Same Day Shipping,6332,Margit Trumper,Consumer,United States,Sacramento,California,94207,South,9418,Furniture,Tables,Pen,773.01,88,0.13,149.27
4723,4/28/2010,2/11/2017,Standard Shipping,9535,Gerianna Geggie,Corporate,United States,San Diego,California,92110,North,3988,Office Supplies,Chairs,Table,134.74,90,0.14,143.39
1509,12/26/2010,2/3/2017,Standard Shipping,5557,Reyna Bullcock,Corporate,United States,San Diego,California,92127,South,9621,Furniture,Tables,Pen,245.87,22,0.02,223.55
5846,8/27/2019,12/20/2022,Standard Shipping,4272,Rriocard Langworthy,Consumer,United States,Fullerton,California,92835,West,8163,Office Supplies,Tables,Paper,828.08,61,0.35,328.14
9924,10/22/2012,9/9/2016,Standard Shipping,9219,Lionello Francais,Corporate,United States,Sacramento,California,95813,North,2672,Office Supplies,Tables,Laptop,372.79,6,0.21,414.24
5384,7/15/2011,12/2/2018,Standard Shipping,8772,Barclay Norcliffe,Home Office,United States,Santa Ana,California,92725,North,1398,Office Supplies,Phones,Phone,55.88,22,0.39,496.1
6972,11/14/2016,10/23/2018,Standard Shipping,9363,Gualterio Chretien,Consumer,United States,Lancaster,California,93584,South,8360,Technology,Pens,Phone,62.33,75,0.21,181.75
7532,5/7/2020,5/3/2017,Express Shipping,5366,Caitlin Snead,Corporate,United States,Corona,California,92878,North,5539,Furniture,Paper,Paper,211.31,46,0.41,439.44
5000,6/3/2011,11/16/2021,Express Shipping,9748,Chanda Titford,Home Office,United States,Los Angeles,California,90071,South,7101,Furniture,Phones,Laptop,341.16,45,0.26,392.59
7752,3/7/2017,1/10/2014,Same Day Shipping,3168,Jennilee Luke,Consumer,United States,Sacramento,California,94291,North,5937,Technology,Laptops,Paper,173.8,45,0.33,415.47
1226,7/9/2016,12/1/2016,Standard Shipping,8950,Joceline Yallowley,Consumer,United States,Richmond,California,94807,North,8258,Furniture,Pens,Laptop,361.25,74,0.47,497.13
2598,7/14/2021,8/19/2011,Same Day Shipping,8993,Adrien Divis,Consumer,United States,Petaluma,California,94975,West,9353,Office Supplies,Paper,Pen,266.6,70,0.35,229.19
4784,12/18/2012,12/21/2012,Standard Shipping,7444,Pandora Ilyunin,Corporate,United States,Anaheim,California,92825,North,7568,Technology,Paper,Paper,728.01,55,0.37,230.78
2345,7/30/2015,2/24/2019,Standard Shipping,5956,Ephrem Tinwell,Consumer,United States,San Diego,California,92127,North,9495,Technology,Laptops,Pen,543.1,21,0.22,150.7
1767,5/27/2021,8/21/2021,Standard Shipping,9872,Henrieta MacScherie,Home Office,United States,Santa Cruz,California,95064,South,5625,Office Supplies,Phones,Chair,664.09,92,0.4,177.78
4599,6/27/2013,1/27/2014,Same Day Shipping,3281,Charleen Cleugher,Corporate,United States,Irvine,California,92619,North,8894,Technology,Phones,Table,717.85,42,0.43,368.02
7789,1/8/2020,1/26/2011,Standard Shipping,1636,Vere Atger,Corporate,United States,Bakersfield,California,93305,North,4422,Office Supplies,Tables,Paper,515.6,14,0.36,384.01
9174,7/14/2011,4/28/2018,Express Shipping,3164,Blake Albarez,Home Office,United States,San Diego,California,92127,North,5157,Office Supplies,Laptops,Phone,599.89,42,0.3,169.0
6024,8/27/2018,12/18/2019,Same Day Shipping,8367,Rebekah Ansteys,Corporate,United States,Sacramento,California,94263,South,3975,Technology,Phones,Table,921.08,68,0.32,436.8
8805,8/28/2021,5/16/2021,Express Shipping,4505,Ludwig Holde,Corporate,United States,Long Beach,California,90831,West,8671,Office Supplies,Phones,Phone,384.51,65,0.48,258.82
4912,11/17/2010,1/28/2020,Express Shipping,9295,Sharai Tupling,Corporate,United States,San Francisco,California,94132,South,1367,Furniture,Pens,Laptop,948.22,28,0.4,499.89
5357,10/6/2015,11/12/2020,Standard Shipping,4574,Denys MacParland,Corporate,United States,San Diego,California,92176,South,3107,Furniture,Laptops,Chair,314.86,11,0.45,400.73
2985,2/21/2016,9/23/2011,Standard Shipping,1770,Abbi Brockie,Consumer,United States,Fresno,California,93704,East,2186,Technology,Chairs,Chair,910.05,89,0.42,487.36
1591,7/13/2016,9/11/2013,Express Shipping,9894,Ianthe Durnall,Consumer,United States,Simi Valley,California,93094,West,8040,Office Supplies,Phones,Table,110.42,3,0.34,192.2
1419,1/7/2015,9/21/2017,Standard Shipping,3641,Kiri Chaytor,Consumer,United States,Lancaster,California,93584,North,2138,Office Supplies,Paper,Table,368.21,56,0.23,389.91
6514,10/8/2020,7/23/2018,Standard Shipping,8441,Jerrilyn Tinston,Home Office,United States,Burbank,California,91505,West,1475,Technology,Tables,Paper,264.27,24,0.45,256.07
4424,12/12/2018,12/7/2013,Same Day Shipping,1123,Cassondra Sandercock,Home Office,United States,Oakland,California,94627,South,6708,Furniture,Tables,Phone,178.63,21,0.3,496.06
7142,8/17/2011,2/12/2019,Standard Shipping,2598,Courtnay Siemandl,Corporate,United States,Oakland,California,94622,West,8695,Office Supplies,Paper,Chair,92.55,44,0.37,471.28
3469,10/23/2012,4/10/2019,Express Shipping,2275,Dorri Hargie,Home Office,United States,Inglewood,California,90305,North,3509,Office Supplies,Pens,Chair,980.78,7,0.32,348.29
9521,11/15/2018,12/20/2014,Express Shipping,1731,Clerc Dowles,Home Office,United States,Fullerton,California,92640,South,8519,Technology,Paper,Laptop,534.62,54,0.48,217.76
7740,4/14/2011,1/1/2021,Standard Shipping,8728,Robbie Portchmouth,Consumer,United States,Fresno,California,93762,South,8840,Technology,Paper,Laptop,859.96,12,0.09,301.86
4328,12/30/2013,5/30/2012,Same Day Shipping,6668,Amye Wilmore,Corporate,United States,San Jose,California,95160,North,4162,Technology,Tables,Laptop,240.02,78,0.45,187.56
7873,3/11/2011,4/17/2015,Same Day Shipping,9063,Husain Damerell,Consumer,United States,San Jose,California,95160,North,2142,Office Supplies,Laptops,Paper,793.49,57,0.08,204.36
7991,5/6/2017,5/10/2012,Express Shipping,8140,Hadley Danzey,Home Office,United States,Simi Valley,California,93094,East,6424,Technology,Paper,Paper,274.33,72,0.07,361.81
8694,2/6/2016,9/16/2014,Express Shipping,3466,Tedra Valentelli,Corporate,United States,Sacramento,California,95818,South,7072,Office Supplies,Pens,Laptop,403.55,75,0.5,488.41
9933,5/2/2018,1/24/2012,Standard Shipping,7092,Caresse Leather,Consumer,United States,Carlsbad,California,92013,South,1656,Technology,Tables,Paper,81.9,65,0.35,282.09
2180,11/4/2018,12/23/2021,Same Day Shipping,8609,Jamill Gozzett,Consumer,United States,Santa Rosa,California,95405,East,4355,Technology,Chairs,Table,508.65,75,0.37,334.12
6518,1/6/2020,9/23/2019,Standard Shipping,1119,Jehanna Mingardo,Consumer,United States,Fresno,California,93773,East,1987,Office Supplies,Phones,Table,960.73,42,0.26,354.33
9117,12/9/2011,6/25/2015,Express Shipping,5118,Pippy Harmes,Home Office,United States,San Jose,California,95160,East,7420,Furniture,Phones,Phone,564.1,11,0.18,345.36
5573,12/21/2016,1/21/2010,Same Day Shipping,3083,Beverley Winter,Corporate,United States,San Diego,California,92132,South,6576,Furniture,Paper,Paper,936.12,44,0.36,183.5
7279,7/19/2011,4/29/2018,Standard Shipping,1684,Juana Rawle,Consumer,United States,San Bernardino,California,92415,North,5335,Technology,Phones,Paper,14.26,40,0.41,422.71
9839,7/19/2021,9/10/2013,Express Shipping,1175,Doroteya Jendas,Home Office,United States,Simi Valley,California,93094,East,6404,Office Supplies,Tables,Pen,120.11,29,0.28,253.26
2559,1/24/2012,12/27/2018,Express Shipping,4342,Annabela Riveles,Home Office,United States,Inglewood,California,90305,East,5440,Furniture,Laptops,Chair,626.83,30,0.08,115.08
2835,2/18/2020,2/21/2022,Same Day Shipping,4214,Levon Doyle,Corporate,United States,Oakland,California,94627,West,2835,Furniture,Paper,Pen,959.26,62,0.1,234.36
6239,12/31/2016,6/30/2015,Standard Shipping,3248,Cassius Gilhouley,Consumer,United States,Pasadena,California,91199,North,5677,Technology,Laptops,Chair,934.46,70,0.06,223.2
1224,1/8/2020,6/17/2014,Standard Shipping,5309,Delaney Beardsdale,Corporate,United States,San Francisco,California,94110,South,9113,Furniture,Tables,Laptop,966.96,5,0.46,113.62
7578,8/28/2017,3/20/2016,Express Shipping,4106,Niccolo Di Matteo,Corporate,United States,Los Angeles,California,90045,East,1922,Technology,Paper,Phone,488.01,63,0.1,437.14
5533,8/8/2021,8/5/2022,Standard Shipping,7666,Bliss Osselton,Consumer,United States,San Diego,California,92153,South,9225,Technology,Phones,Phone,910.06,72,0.37,271.4
1959,9/25/2016,12/25/2016,Same Day Shipping,2983,Harri Admans,Corporate,United States,Fresno,California,93704,West,7364,Office Supplies,Pens,Phone,870.69,49,0.36,241.42
7569,5/12/2022,6/21/2021,Standard Shipping,6823,Scotti McCrohon,Home Office,United States,Garden Grove,California,92645,South,6172,Office Supplies,Paper,Phone,734.16,88,0.32,328.84
1266,3/5/2021,7/18/2019,Standard Shipping,6577,Orson Brownsworth,Consumer,United States,Pasadena,California,91117,West,6294,Office Supplies,Paper,Table,378.87,26,0.06,490.01
7031,9/25/2014,7/5/2014,Same Day Shipping,1356,Caro Drewett,Consumer,United States,Sacramento,California,94237,North,7437,Furniture,Pens,Table,652.64,96,0.43,344.55
6393,3/21/2020,10/9/2017,Express Shipping,6084,Georgena Harsnep,Home Office,United States,Los Angeles,California,90076,East,3757,Furniture,Chairs,Chair,704.2,10,0.09,469.34
1164,10/20/2016,4/3/2018,Standard Shipping,7553,Corette Esselin,Consumer,United States,Long Beach,California,90831,West,4618,Office Supplies,Phones,Laptop,389.52,43,0.14,474.41
3026,1/16/2021,9/9/2017,Express Shipping,2285,Mead Sore,Consumer,United States,San Rafael,California,94913,South,3132,Furniture,Paper,Table,994.71,60,0.14,295.84
5015,7/16/2012,8/3/2017,Standard Shipping,1247,Tiffani Tineman,Corporate,United States,Pasadena,California,91103,North,2052,Technology,Chairs,Chair,863.36,66,0.04,380.67
7375,11/18/2019,5/18/2011,Express Shipping,1176,Reinhold Bickerstaff,Corporate,United States,Los Angeles,California,90189,West,1000,Technology,Laptops,Laptop,285.94,37,0.04,341.58
3945,6/29/2010,11/2/2016,Express Shipping,4068,Grayce Kiloh,Home Office,United States,Torrance,California,90505,West,6135,Furniture,Paper,Paper,514.63,9,0.37,440.07
3193,1/12/2012,4/20/2019,Standard Shipping,8638,Federico Sherel,Corporate,United States,Lancaster,California,93584,South,2861,Furniture,Paper,Laptop,741.78,92,0.25,246.42
1015,11/23/2011,6/18/2022,Same Day Shipping,6603,Dodi D'Avaux,Corporate,United States,Los Angeles,California,90065,South,4020,Furniture,Pens,Paper,779.33,61,0.46,163.29
9963,11/6/2020,7/4/2011,Express Shipping,9291,Rosalia Durnall,Consumer,United States,Los Angeles,California,90010,North,9857,Office Supplies,Laptops,Table,120.8,91,0.04,422.06
9571,8/22/2019,2/27/2010,Standard Shipping,8086,Darla Pottberry,Home Office,United States,Los Angeles,California,90094,East,5619,Office Supplies,Pens,Pen,495.47,66,0.01,499.29
9322,3/24/2010,11/14/2017,Same Day Shipping,9420,Claudio Pirt,Home Office,United States,Pasadena,California,91131,North,1126,Technology,Tables,Pen,762.99,80,0.03,174.89
1122,10/19/2010,6/9/2021,Express Shipping,6470,Joellen Dullingham,Home Office,United States,San Diego,California,92191,South,5932,Furniture,Pens,Paper,231.23,33,0.11,314.65
7677,4/18/2015,5/9/2019,Standard Shipping,6127,Lorant Jopson,Home Office,United States,San Diego,California,92170,South,8193,Furniture,Tables,Table,340.3,43,0.02,119.64
5315,1/3/2017,12/9/2014,Same Day Shipping,4517,Worth Harrild,Consumer,United States,Fullerton,California,92835,South,3361,Technology,Chairs,Table,156.51,55,0.26,439.66
4958,2/1/2017,5/13/2017,Standard Shipping,2153,Eugen Land,Corporate,United States,Chico,California,95973,South,8841,Furniture,Pens,Laptop,913.67,33,0.43,422.31
3520,11/8/2020,2/2/2016,Same Day Shipping,8367,Roderigo Treffrey,Consumer,United States,Santa Rosa,California,95405,West,5218,Office Supplies,Laptops,Pen,731.19,82,0.34,237.77
6899,8/8/2017,5/27/2016,Express Shipping,7318,Grace Acklands,Home Office,United States,Newport Beach,California,92662,East,3021,Furniture,Laptops,Chair,767.27,50,0.42,248.49
6076,8/27/2021,11/24/2015,Same Day Shipping,4788,Launce Allan,Corporate,United States,Santa Ana,California,92725,East,5801,Office Supplies,Tables,Table,452.05,23,0.38,360.53
9128,8/4/2012,8/6/2019,Same Day Shipping,7543,Forrest Ambridge,Home Office,United States,Santa Cruz,California,95064,South,7353,Furniture,Tables,Phone,828.44,93,0.37,180.15
2163,3/15/2014,12/30/2020,Express Shipping,7363,Patton Enga,Corporate,United States,Los Angeles,California,90189,North,3051,Furniture,Phones,Table,474.39,87,0.41,265.36
3202,7/28/2016,8/7/2012,Same Day Shipping,6900,Graeme Pfeiffer,Corporate,United States,Los Angeles,California,90065,North,4879,Technology,Paper,Pen,483.04,12,0.47,130.83
7417,8/19/2022,7/13/2022,Standard Shipping,4835,Brooks Groger,Consumer,United States,Bakersfield,California,93305,West,7858,Furniture,Phones,Table,74.12,84,0.36,221.13
9301,9/3/2012,3/30/2015,Standard Shipping,3285,Adelice Bess,Corporate,United States,Fresno,California,93704,North,7000,Furniture,Chairs,Paper,117.36,99,0.43,326.02
4171,11/4/2014,12/11/2016,Express Shipping,2466,Worth Dorman,Home Office,United States,Pasadena,California,91131,West,1209,Furniture,Paper,Phone,10.96,12,0.05,145.31
3189,9/3/2014,5/13/2021,Standard Shipping,5878,Odette Lauret,Home Office,United States,Sacramento,California,95813,North,3840,Furniture,Phones,Phone,781.39,58,0.32,403.8
6384,11/17/2020,5/31/2016,Express Shipping,9937,Margaretha Breydin,Home Office,United States,Sacramento,California,94250,North,1481,Technology,Chairs,Table,846.77,16,0.24,364.28
7843,4/15/2014,4/25/2010,Same Day Shipping,3014,Farand Jobbins,Corporate,United States,Oakland,California,94622,East,6089,Technology,Chairs,Chair,25.48,97,0.37,156.02
9586,12/2/2010,4/25/2017,Standard Shipping,9551,Danette Osmant,Consumer,United States,Palmdale,California,93591,South,8883,Office Supplies,Paper,Chair,910.81,9,0.31,110.28
3544,5/27/2011,7/2/2021,Express Shipping,7723,Hulda Rigmond,Home Office,United States,San Rafael,California,94913,West,8582,Technology,Laptops,Paper,537.58,94,0.4,295.3
1807,11/1/2018,2/20/2013,Same Day Shipping,6460,Morna Luby,Home Office,United States,Oceanside,California,92056,North,8672,Office Supplies,Pens,Paper,259.24,4,0.5,246.43
4166,10/17/2019,12/23/2014,Standard Shipping,4204,Hermon Dorant,Home Office,United States,Palmdale,California,93591,West,7563,Technology,Chairs,Laptop,117.3,41,0.04,479.1
4797,4/20/2016,11/15/2016,Express Shipping,5454,Staffard Delf,Consumer,United States,Petaluma,California,94975,West,4344,Furniture,Laptops,Laptop,487.44,45,0.32,362.9
6930,7/27/2017,9/13/2011,Standard Shipping,6815,Briana Esson,Home Office,United States,Oakland,California,94611,South,8207,Technology,Tables,Table,959.08,26,0.17,201.61
3234,10/20/2012,3/17/2010,Same Day Shipping,6578,Lia Karpeev,Consumer,United States,Garden Grove,California,92844,West,8303,Office Supplies,Tables,Table,57.56,7,0.41,462.61
7268,1/30/2020,7/19/2012,Express Shipping,8858,Alysia Noriega,Corporate,United States,Pasadena,California,91103,East,5578,Furniture,Laptops,Paper,249.76,47,0.19,349.63
